=LDR  03138cam a22005657a 4500
=001  015752399
=003  Uk
=005  20211218013915.0
=008  101122s2010\\\\mau\\\\\\b\\\|000\0|eng\d
=035  \\$a(OCoLC)696014372
=040  \\$aSzZUIDS$bger$cCHVBK$dUk
=042  \\$aukblderived
=100  1\$aLoecker, Jan de.
=245  12$aA note on detecting learning by exporting /$cJan De Loecker.
=260  \\$aCambridge, Mass :$bNational Bureau of Economic Research,$c2010.
=300  \\$a19 p. ;$c22 cm.
=336  \\$atext$2rdacontent
=337  \\$aunmediated$2rdamedia
=338  \\$avolume$2rdacarrier
=490  1\$aNBER working paper series ;$vno. 16548
=504  \\$aIncludes bibliographical references.
=520  \\$aLearning by exporting refers to the mechanism whereby firms improve their performance (productivity) after entering export markets. Although this mechanism is often mentioned in policy documents, a significant share of econometric studies has not found evidence for this hypothesis. This paper shows that the methods used to come to the latter conclusion suffer from a large internal inconsistency: they rely on an exogenous evolving productivity process. I show how recent proxy estimators can accommodate endogenous productivity processes such as learning by exporting. I rely on my framework to discuss the bias introduced by ignoring such a process and how adjusting for it can lead to detect significant productivity gains upon export entry. I estimate my model on standard firm-level data and find substantial additional productivity gains from entering export markets.
=530  \\$aAlso available via the Internet.
=540  \\$aBritish Library not licensed to copy$c0$5Uk
=710  2\$aNational Bureau of Economic Research.
=830  \0$aWorking paper series (National Bureau of Economic Research) ;$vno. 16548.
=852  49$aBritish Library$bDSC$j6067.719500
=856  \\$3Volltext$uhttp://www.nber.org/papers/w16548$zDownload (PDF) via World Wide Web für Universität St. Gallen
=ACF  \\$aBritish Library not licensed to copy$c0$e01-apr-2013$hC$iCFP Excluded$5Uk
=ACF  \\$aBritish Library not licensed to copy$c0$e01-oct-2013$hC$iCFP Excluded$5Uk
=CAT  \\$a9504$b40$c20110215$lBLL01$h1350
=CAT  \\$a8980$b40$c20110217$lBLL01$h1411
=CAT  \\$aBATCH-CLA$b00$c20130429$lBLL01$h0154
=CAT  \\$aBATCH-CLA$b00$c20130508$lBLL01$h0739
=CAT  \\$aBATCH-CLA$b00$c20130630$lBLL01$h1631
=CAT  \\$aIPL-CLA$c20130701$lBLL01$h0142
=CAT  \\$aBATCH-CLA$b00$c20130929$lBLL01$h1620
=CAT  \\$aIPL-CLA$c20130930$lBLL01$h1810
=CAT  \\$aBATCH-CLA$b00$c20131202$lBLL01$h0338
=CAT  \\$aIPL-CLA$c20140101$lBLL01$h0142
=CAT  \\$aBATCH-CLA$b00$c20140327$lBLL01$h1830
=CAT  \\$aIPL-CLA$c20140331$lBLL01$h1639
=CAT  \\$aBATCH-UPD$b00$c20211217$lBLL01$h2111
=CAT  \\$aBATCH-CLA$b00$c20211218$lBLL01$h0139
=CFI  0\$aBritish Library not licensed to copy$c0$e01-apr-2014$hC$iCFP Excluded$5Uk
=FIN  \\$aY$d20110217
=FMT  \\$a  BK
=LAS  \\$aBATCH-CLA$b00$c20211218$lBLL01$h0139
=SID  \\$aZ39$bOCLC
=TCO  \\$aTRS$bCCC$c008

