=LDR  03185 am a22005777a 4500
=001  015831269
=003  Uk
=005  20110627084301.0
=008  110502s2011\\\\maua\\\\\b\\\|0|0\0|eng\d
=035  \\$a(OCoLC)732253051
=040  \\$aSzZUIDS$bger$cCHVBK$dUk
=100  10$aDiamond, Douglas W.$q(Douglas Warren)
=245  10$aIlliquid banks, financial stability, and interest rate policy /$cDouglas W. Diamond, Raghuram Rajan.
=260  \\$aCambridge, Mass :$bNational Bureau of Economic Research,$c2011.
=300  \\$a50 p. :$bill. ;$c22 cm.
=336  \\$atext$2rdacontent
=337  \\$aunmediated$2rdamedia
=338  \\$avolume$2rdacarrier
=490  1\$aNBER working paper series ;$v16994
=504  \\$aIncludes bibliographical references.
=520  \\$aDo low interest rates alleviate banking fragility? Banks finance illiquid assets with demandable deposits, which discipline bankers but expose them to damaging runs. Authorities may choose to bail out banks being run. Unconstrained bailouts undermine the disciplinary role of deposits. Moreover, competition forces banks to promise depositors more, increasing intervention and making the system worse off. By contrast, constrained intervention to lower rates maintains private discipline, while offsetting contractual rigidity. It may still lead banks to make excessive liquidity promises. Anticipating this, central banks can reduce financial fragility by raising rates in normal times to offset their propensity to reduce rates in adverse times.
=530  \\$aAlso available via the Internet.
=540  \\$aBritish Library not licensed to copy$c0$5Uk
=700  1\$aRajan, Raghuram.
=710  2\$aNational Bureau of Economic Research.
=830  \0$aWorking paper series (National Bureau of Economic Research) ;$vworking paper no. 16994.
=852  49$aBritish Library$bDSC$j6067.719500
=856  \\$3Volltext$uhttp://www.nber.org/papers/w16994$zDownload (PDF) via World Wide Web für Universität St. Gallen
=ACF  \\$aBritish Library not licensed to copy$c0$e01-apr-2013$hC$iCFP Excluded$5Uk
=ACF  \\$aBritish Library not licensed to copy$c0$e01-oct-2013$hC$iCFP Excluded$5Uk
=CAT  \\$a7164$b40$c20110622$lBLL01$h1011
=CAT  \\$a11250$b40$c20110627$lBLL01$h0843
=CAT  \\$aBATCH-CLA$b00$c20130429$lBLL01$h0154
=CAT  \\$aBATCH-CLA$b00$c20130508$lBLL01$h0739
=CAT  \\$aBATCH-CLA$b00$c20130630$lBLL01$h1631
=CAT  \\$aIPL-CLA$c20130701$lBLL01$h0144
=CAT  \\$aBATCH-CLA$b00$c20130929$lBLL01$h1620
=CAT  \\$aIPL-CLA$c20130930$lBLL01$h1811
=CAT  \\$aBATCH-CLA$b00$c20131202$lBLL01$h0338
=CAT  \\$aIPL-CLA$c20140101$lBLL01$h0147
=CAT  \\$aBATCH-CLA$b00$c20140327$lBLL01$h1830
=CAT  \\$aIPL-CLA$c20140331$lBLL01$h1639
=CAT  \\$aBATCH-UPD$b00$c20141125$lBLL01$h1549
=CAT  \\$aBATCH-UPD$b00$c20170210$lBLL01$h1123
=CFI  0\$aBritish Library not licensed to copy$c0$e01-apr-2014$hC$iCFP Excluded$5Uk
=CFI  2\$aBritish Library not licensed to copy$c0$e01-jan-2014$hC$iCFP Excluded$5Uk
=FIN  \\$aY$d20110627
=FMT  \\$a  BK
=LAS  \\$aBATCH-UPD$b00$c20170210$lBLL01$h1123
=SID  \\$aZ39$bOCLC
=TCO  \\$aTRS$bCCC$c008

