=LDR  03709 am a22005777a 4500
=001  015831272
=003  Uk
=005  20110627085107.0
=008  110502s2011\\\\mau\\\\\\b\\\|0|0\0|eng\d
=035  \\$a(OCoLC)732253050
=040  \\$aSzZUIDS$bger$cCHVBK$dUk
=100  1\$aMeisenzahl, Ralf.
=245  14$aThe rate and direction of invention in the British Industrial Revolution :$bincentives and institutions /$cRalf Meisenzahl, Joel Mokyr.
=260  \\$aCambridge, Mass :$bNational Bureau of Economic Research,$c2011.
=300  \\$a48 p. ;$c22 cm.
=336  \\$atext$2rdacontent
=337  \\$aunmediated$2rdamedia
=338  \\$avolume$2rdacarrier
=490  1\$aNBER working paper series ;$v16993
=504  \\$aIncludes bibliographical references.
=520  \\$aDuring the Industrial Revolution technological progress and innovation became the main drivers of economic growth. But why was Britain the technological leader? We argue that one hitherto little recognized British advantage was the supply of highly skilled, mechanically able craftsmen who were able to adapt, implement, improve, and tweak new technologies and who provided the micro inventions necessary to make macro inventions highly productive and remunerative. Using a sample of 759 of these mechanics and engineers, we study the incentives and institutions that facilitated the high rate of inventive activity during the Industrial Revolution. First, apprenticeship was the dominant form of skill formation. Formal education played only a minor role. Second, many skilled workmen relied on secrecy and first-mover advantages to reap the benefits of their innovations. Over 40 percent of the sample here never took out a patent. Third, skilled workmen in Britain often published their work and engaged in debates over contemporary technological and social questions. In short, they were affected by the Enlightenment culture. Finally, patterns differ for the textile sector; therefore, any inferences from textiles about the whole economy are likely to be misleading.
=530  \\$aAlso available via the Internet.
=540  \\$aBritish Library not licensed to copy$c0$5Uk
=700  1\$aMokyr, Joel.
=710  2\$aNational Bureau of Economic Research.
=830  \0$aWorking paper series (National Bureau of Economic Research) ;$vworking paper no. 16993.
=852  49$aBritish Library$bDSC$j6067.719500
=856  \\$3Volltext$uhttp://www.nber.org/papers/w16993$zDownload (PDF) via World Wide Web für Universität St. Gallen
=ACF  \\$aBritish Library not licensed to copy$c0$e01-apr-2013$hC$iCFP Excluded$5Uk
=ACF  \\$aBritish Library not licensed to copy$c0$e01-oct-2013$hC$iCFP Excluded$5Uk
=CAT  \\$a7164$b40$c20110622$lBLL01$h1014
=CAT  \\$a11250$b40$c20110627$lBLL01$h0848
=CAT  \\$a11250$b40$c20110627$lBLL01$h0851
=CAT  \\$aBATCH-CLA$b00$c20130429$lBLL01$h0154
=CAT  \\$aBATCH-CLA$b00$c20130508$lBLL01$h0739
=CAT  \\$aBATCH-CLA$b00$c20130630$lBLL01$h1631
=CAT  \\$aIPL-CLA$c20130701$lBLL01$h0144
=CAT  \\$aBATCH-CLA$b00$c20130929$lBLL01$h1620
=CAT  \\$aIPL-CLA$c20130930$lBLL01$h1811
=CAT  \\$aBATCH-CLA$b00$c20131202$lBLL01$h0338
=CAT  \\$aIPL-CLA$c20140101$lBLL01$h0147
=CAT  \\$aBATCH-CLA$b00$c20140327$lBLL01$h1830
=CAT  \\$aIPL-CLA$c20140331$lBLL01$h1639
=CAT  \\$aBATCH-UPD$b00$c20170210$lBLL01$h1123
=CFI  0\$aBritish Library not licensed to copy$c0$e01-apr-2014$hC$iCFP Excluded$5Uk
=CFI  2\$aBritish Library not licensed to copy$c0$e01-jan-2014$hC$iCFP Excluded$5Uk
=FIN  \\$aY$d20110627
=FMT  \\$a  BK
=LAS  \\$aBATCH-UPD$b00$c20170210$lBLL01$h1123
=SID  \\$aZ39$bOCLC
=TCO  \\$aTRS$bCCC$c008

