=LDR  03168 am a22005657a 4500
=001  015831274
=003  Uk
=005  20110627085502.0
=008  110502s2011\\\\maua\\\\\b\\\|0|0\0|eng\d
=035  \\$a(OCoLC)732253040
=040  \\$aSzZUIDS$bger$cCHVBK$dUk
=100  1\$aAng, Andrew.
=245  10$aSystemic sovereign credit risk :$blessons from the U.S. and Europe /$cAndrew Ang, Francis A. Longstaff.
=260  \\$aCambridge, Mass :$bNational Bureau of Economic Research,$c2011.
=300  \\$a34, [14] p. :$bill. ;$c22 cm.
=336  \\$atext$2rdacontent
=337  \\$aunmediated$2rdamedia
=338  \\$avolume$2rdacarrier
=490  1\$aNBER working paper series ;$v16982
=504  \\$aIncludes bibliographical references.
=520  \\$aWe study the nature of systemic sovereign credit risk using CDS spreads for the U.S. Treasury, individual U.S. states, and major European countries. Using a multifactor affine framework that allows for both systemic and sovereign-specific credit shocks, we find that there is considerable heterogeneity across U.S. and European issuers in their sensitivity to systemic risk. U.S. and Euro systemic shocks are highly correlated, but there is much less systemic risk among U.S. sovereigns than among European sovereigns. We also find that U.S. and European systemic sovereign risk is strongly related to financial market variables. These results provide strong support for the view that systemic sovereign risk has its roots in financial markets rather than in macroeconomic fundamentals.
=530  \\$aAlso available via the Internet.
=540  \\$aBritish Library not licensed to copy$c0$5Uk
=700  1\$aLongstaff, Francis A.,$d1956-
=710  2\$aNational Bureau of Economic Research.
=830  \0$aWorking paper series (National Bureau of Economic Research) ;$vworking paper no. 16982.
=852  49$aBritish Library$bDSC$j6067.719500
=856  \\$3Volltext$uhttp://www.nber.org/papers/w16982$zDownload (PDF) via World Wide Web für Universität St. Gallen
=ACF  \\$aBritish Library not licensed to copy$c0$e01-apr-2013$hC$iCFP Excluded$5Uk
=ACF  \\$aBritish Library not licensed to copy$c0$e01-oct-2013$hC$iCFP Excluded$5Uk
=CAT  \\$a7164$b40$c20110622$lBLL01$h1019
=CAT  \\$a11250$b40$c20110627$lBLL01$h0855
=CAT  \\$aBATCH-CLA$b00$c20130429$lBLL01$h0154
=CAT  \\$aBATCH-CLA$b00$c20130508$lBLL01$h0739
=CAT  \\$aBATCH-CLA$b00$c20130630$lBLL01$h1631
=CAT  \\$aIPL-CLA$c20130701$lBLL01$h0144
=CAT  \\$aBATCH-CLA$b00$c20130929$lBLL01$h1620
=CAT  \\$aIPL-CLA$c20130930$lBLL01$h1811
=CAT  \\$aBATCH-CLA$b00$c20131202$lBLL01$h0338
=CAT  \\$aIPL-CLA$c20140101$lBLL01$h0147
=CAT  \\$aBATCH-CLA$b00$c20140327$lBLL01$h1830
=CAT  \\$aIPL-CLA$c20140331$lBLL01$h1639
=CAT  \\$aBATCH-UPD$b00$c20170210$lBLL01$h1123
=CFI  0\$aBritish Library not licensed to copy$c0$e01-apr-2014$hC$iCFP Excluded$5Uk
=CFI  2\$aBritish Library not licensed to copy$c0$e01-jan-2014$hC$iCFP Excluded$5Uk
=FIN  \\$aY$d20110627
=FMT  \\$a  BK
=LAS  \\$aBATCH-UPD$b00$c20170210$lBLL01$h1123
=SID  \\$aZ39$bOCLC
=TCO  \\$aTRS$bCCC$c008

