=LDR  03618 am a22006017a 4500
=001  015831281
=003  Uk
=005  20110627090655.0
=008  110425s2011\\\\maua\\\\\b\\\|0|0\0|eng\d
=035  \\$a(OCoLC)732231413
=040  \\$aSzZUIDS$bger$cCHVBK$dUk
=100  10$aCropper, Maureen L.
=245  10$aValuing mortality risk reductions :$bprogress and challenges /$cMaureen L. Cropper, James K. Hammitt, Lisa A. Robinson.
=260  \\$aCambridge, Mass :$bNational Bureau of Economic Research,$c2011.
=300  \\$a34 p. :$bill. ;$c22 cm.
=336  \\$atext$2rdacontent
=337  \\$aunmediated$2rdamedia
=338  \\$avolume$2rdacarrier
=490  1\$aNBER working paper series ;$v16971
=504  \\$aIncludes bibliographical references.
=520  \\$aThe value of mortality risk reduction is an important component of the benefits of environmental policies. In recent years, the number, scope, and quality of valuation studies have increased dramatically. Revealed-preference studies of wage compensation for occupational risks, on which analysts have primarily relied, have benefited from improved data and statistical methods. Stated-preference research has improved methodologically and expanded dramatically. Studies are now available for several health conditions associated with environmental causes and researchers have explored many issues concerning the validity of the estimates. With the growing numbers of both types of studies, several meta-analyses have become available that provide insight into the results of both methods. Challenges remain, including better understanding of the persistently smaller estimates from stated-preference than from wage-differential studies and of how valuation depends on the individual's age, health status, and characteristics of the illnesses most frequently associated with environmental causes.
=530  \\$aAlso available via the Internet.
=540  \\$aBritish Library not licensed to copy$c0$5Uk
=700  1\$aHammitt, James K.
=700  1\$aRobinson, Lisa A.
=710  2\$aNational Bureau of Economic Research.
=830  \0$aWorking paper series (National Bureau of Economic Research) ;$vworking paper no. 16971.
=852  49$aBritish Library$bDSC$j6067.719500
=856  \\$3Volltext$uhttp://www.nber.org/papers/w16971$zDownload (PDF) via World Wide Web für Universität St. Gallen
=ACF  \\$aBritish Library not licensed to copy$c0$e01-apr-2013$hC$iCFP Excluded$5Uk
=ACF  \\$aBritish Library not licensed to copy$c0$e01-oct-2013$hC$iCFP Excluded$5Uk
=CAT  \\$a7164$b40$c20110622$lBLL01$h1028
=CAT  \\$a11250$b40$c20110627$lBLL01$h0902
=CAT  \\$a11250$b40$c20110627$lBLL01$h0906
=CAT  \\$aBATCH-CLA$b00$c20130429$lBLL01$h0154
=CAT  \\$aBATCH-CLA$b00$c20130508$lBLL01$h0739
=CAT  \\$aBATCH-CLA$b00$c20130630$lBLL01$h1631
=CAT  \\$aIPL-CLA$c20130701$lBLL01$h0144
=CAT  \\$aBATCH-CLA$b00$c20130929$lBLL01$h1620
=CAT  \\$aIPL-CLA$c20130930$lBLL01$h1811
=CAT  \\$aBATCH-CLA$b00$c20131202$lBLL01$h0338
=CAT  \\$aIPL-CLA$c20140101$lBLL01$h0147
=CAT  \\$aBATCH-CLA$b00$c20140327$lBLL01$h1830
=CAT  \\$aIPL-CLA$c20140331$lBLL01$h1639
=CAT  \\$aBATCH-UPD$b00$c20141125$lBLL01$h1549
=CAT  \\$aBATCH-UPD$b00$c20170210$lBLL01$h1123
=CFI  0\$aBritish Library not licensed to copy$c0$e01-apr-2014$hC$iCFP Excluded$5Uk
=CFI  2\$aBritish Library not licensed to copy$c0$e01-jan-2014$hC$iCFP Excluded$5Uk
=FIN  \\$aY$d20110627
=FMT  \\$a  BK
=LAS  \\$aBATCH-UPD$b00$c20170210$lBLL01$h1123
=SID  \\$aZ39$bOCLC
=TCO  \\$aTRS$bCCC$c008

