=LDR  03725 am a22005537a 4500
=001  015831287
=003  Uk
=005  20110627091306.0
=008  110418s2011\\\\maua\\\\\b\\\|0|0\0|eng\d
=035  \\$a(OCoLC)732186321
=040  \\$aSzZUIDS$bger$cCHVBK$dUk
=245  00$aInference with imperfect randomization :$bthe case of the Perry Preschool Program /$cJames J. Heckman ... [et al.].
=260  \\$aCambridge, Mass :$bNational Bureau of Economic Research,$c2011.
=300  \\$a27 p. :$bill. ;$c22 cm.
=336  \\$atext$2rdacontent
=337  \\$aunmediated$2rdamedia
=338  \\$avolume$2rdacarrier
=490  1\$aNBER working paper series ;$v16935
=504  \\$aIncludes bibliographical references.
=520  \\$aThis paper considers the problem of making inferences about the effects of a program on multiple outcomes when the assignment of treatment status is imperfectly randomized. By imperfect randomization we mean that treatment status is reassigned after an initial randomization on the basis of characteristics that may be observed or unobserved by the analyst. We develop a partial identification approach to this problem that makes use of information limiting the extent to which randomization is imperfect to show that it is still possible to make nontrivial inferences about the effects of the program in such settings. We consider a family of null hypotheses in which each null hypothesis specifies that the program has no effect on one of several outcomes of interest. Under weak assumptions, we construct a procedure for testing this family of null hypotheses in a way that controls the familywise error rate -- the probability of even one false rejection -- in finite samples. We develop our methodology in the context of a reanalysis of the HighScope Perry Preschool program. We find statistically significant effects of the program on a number of different outcomes of interest, including outcomes related to criminal activity for males and females, even after accounting for the imperfectness of the randomization and the multiplicity of null hypotheses.
=530  \\$aAlso available via the Internet.
=540  \\$aBritish Library not licensed to copy$c0$5Uk
=700  1\$aHeckman, James J.$q(James Joseph).
=710  2\$aNational Bureau of Economic Research.
=830  \0$aWorking paper series (National Bureau of Economic Research) ;$vworking paper no. 16935.
=852  49$aBritish Library$bDSC$j6067.719500
=856  \\$3Volltext$uhttp://www.nber.org/papers/w16935$zDownload (PDF) via World Wide Web für Universität St. Gallen
=ACF  \\$aBritish Library not licensed to copy$c0$e01-apr-2013$hC$iCFP Excluded$5Uk
=ACF  \\$aBritish Library not licensed to copy$c0$e01-oct-2013$hC$iCFP Excluded$5Uk
=CAT  \\$a7164$b40$c20110622$lBLL01$h1031
=CAT  \\$a11250$b40$c20110627$lBLL01$h0913
=CAT  \\$aBATCH-CLA$b00$c20130429$lBLL01$h0154
=CAT  \\$aBATCH-CLA$b00$c20130508$lBLL01$h0739
=CAT  \\$aBATCH-CLA$b00$c20130630$lBLL01$h1631
=CAT  \\$aIPL-CLA$c20130701$lBLL01$h0144
=CAT  \\$aBATCH-CLA$b00$c20130929$lBLL01$h1620
=CAT  \\$aIPL-CLA$c20130930$lBLL01$h1811
=CAT  \\$aBATCH-CLA$b00$c20131202$lBLL01$h0338
=CAT  \\$aIPL-CLA$c20140101$lBLL01$h0147
=CAT  \\$aBATCH-CLA$b00$c20140327$lBLL01$h1830
=CAT  \\$aIPL-CLA$c20140331$lBLL01$h1639
=CAT  \\$aBATCH-UPD$b00$c20170210$lBLL01$h1123
=CFI  0\$aBritish Library not licensed to copy$c0$e01-apr-2014$hC$iCFP Excluded$5Uk
=CFI  2\$aBritish Library not licensed to copy$c0$e01-jan-2014$hC$iCFP Excluded$5Uk
=FIN  \\$aY$d20110627
=FMT  \\$a  BK
=LAS  \\$aBATCH-UPD$b00$c20170210$lBLL01$h1123
=SID  \\$aZ39$bOCLC
=TCO  \\$aTRS$bCCC$c008

