=LDR  03080 am a22005537a 4500
=001  015831396
=003  Uk
=005  20110624143418.0
=008  110509s2011\\\\maua\\\\\b\\\|0|0\0|eng\d
=035  \\$a(OCoLC)732278985
=040  \\$aSzZUIDS$bger$cCHVBK$dUk
=100  1\$aHassan, Tarek Alexander.
=245  14$aThe social cost of near-rational investment /$cTarek A. Hassan, Thomas M. Mertens.
=260  \\$aCambridge, Mass :$bNational Bureau of Economic Research,$c2011.
=300  \\$a53 p. :$bill. ;$c22 cm.
=336  \\$atext$2rdacontent
=337  \\$aunmediated$2rdamedia
=338  \\$avolume$2rdacarrier
=490  1\$aNBER working paper series ;$v17027
=504  \\$aIncludes bibliographical references.
=520  \\$aWe show that the stock market may fail to aggregate information even if it appears to be efficient and that the resulting decrease in the information content of stock prices may drastically reduce welfare. We solve a macroeconomic model in which information about fundamentals is dispersed and households make small, correlated errors around their optimal investment policies. As information aggregates in the market, these errors amplify and crowd out the information content of stock prices. When stock prices reflect less information, the volatility of stock returns rises. The increase in volatility makes holding stocks unattractive, distorts the long-run level of capital accumulation, and causes costly (first-order) distortions in the long-run level of consumption.
=540  \\$aBritish Library not licensed to copy$c0$5Uk
=700  1\$aMertens, Thomas M.
=710  2\$aNational Bureau of Economic Research.
=830  \0$aWorking paper series (National Bureau of Economic Research) ;$vworking paper no. 17027.
=852  49$aBritish Library$bDSC$j6067.719500
=856  \\$3Volltext$uhttp://www.nber.org/papers/w17027$zDownload (PDF) via World Wide Web für Universität St. Gallen
=ACF  \\$aBritish Library not licensed to copy$c0$e01-apr-2013$hC$iCFP Excluded$5Uk
=ACF  \\$aBritish Library not licensed to copy$c0$e01-oct-2013$hC$iCFP Excluded$5Uk
=CAT  \\$a9504$b40$c20110622$lBLL01$h1202
=CAT  \\$a11250$b40$c20110624$lBLL01$h1434
=CAT  \\$aBATCH-CLA$b00$c20130429$lBLL01$h0154
=CAT  \\$aBATCH-CLA$b00$c20130508$lBLL01$h0739
=CAT  \\$aBATCH-CLA$b00$c20130630$lBLL01$h1631
=CAT  \\$aIPL-CLA$c20130701$lBLL01$h0144
=CAT  \\$aBATCH-CLA$b00$c20130929$lBLL01$h1620
=CAT  \\$aIPL-CLA$c20130930$lBLL01$h1811
=CAT  \\$aBATCH-CLA$b00$c20131202$lBLL01$h0338
=CAT  \\$aIPL-CLA$c20140101$lBLL01$h0147
=CAT  \\$aBATCH-CLA$b00$c20140327$lBLL01$h1830
=CAT  \\$aIPL-CLA$c20140331$lBLL01$h1639
=CAT  \\$aBATCH-UPD$b00$c20170210$lBLL01$h1146
=CFI  0\$aBritish Library not licensed to copy$c0$e01-apr-2014$hC$iCFP Excluded$5Uk
=CFI  2\$aBritish Library not licensed to copy$c0$e01-jan-2014$hC$iCFP Excluded$5Uk
=FIN  \\$aY$d20110624
=FMT  \\$a  BK
=LAS  \\$aBATCH-UPD$b00$c20170210$lBLL01$h1146
=SID  \\$aZ39$bOCLC
=TCO  \\$aTRS$bCCC$c008

