=LDR  03874 am a22006017a 4500
=001  015831479
=003  Uk
=005  20110624143519.0
=008  110509s2011\\\\maua\\\\\b\\\|0|0\0|eng\d
=035  \\$a(OCoLC)732278979
=040  \\$aSzZUIDS$bger$cCHVBK$dUk
=100  1\$aGilchrist, Simon.
=245  10$aCredit spreads and business cycle fluctuations /$cSimon Gilchrist, Egon Zakrajšek.
=260  \\$aCambridge, Mass :$bNational Bureau of Economic Research,$c2011.
=300  \\$a35 p. :$bill. ;$c22 cm.
=336  \\$atext$2rdacontent
=337  \\$aunmediated$2rdamedia
=338  \\$avolume$2rdacarrier
=490  1\$aNBER working paper series ;$v17021
=504  \\$aIncludes bibliographical references.
=520  \\$aThis paper examines the evidence on the relationship between credit spreads and economic activity. Using an extensive data set of prices of outstanding corporate bonds trading in the secondary market, we construct a credit spread index that is--compared with the standard default-risk indicators--a considerably more powerful predictor of economic activity. Using an empirical framework, we decompose our index into a predictable component that captures the available firm-specific information on expected defaults and a residual component--the excess bond premium. Our results indicate that the predictive content of credit spreads is due primarily to movements in the excess bond premium. Innovations in the excess bond premium that are orthogonal to the current state of the economy are shown to lead to significant declines in economic activity and equity prices. We also show that during the 2007-09 financial crisis, a deterioration in the creditworthiness of broker-dealers--key financial intermediaries in the corporate cash market--led to an increase in the excess bond premium. These find- ings support the notion that a rise in the excess bond premium represents a reduction in the effective risk-bearing capacity of the financial sector and, as a result, a contraction in the supply of credit with significant adverse consequences for the macroeconomy.
=540  \\$aBritish Library not licensed to copy$c0$5Uk
=700  1\$aZakrajšek, Egon.
=710  2\$aNational Bureau of Economic Research.
=830  \0$aWorking paper series (National Bureau of Economic Research) ;$vworking paper no. 17021.
=852  49$aBritish Library$bDSC$j6067.719500
=856  \\$3Volltext$uhttp://www.nber.org/papers/w17021$zDownload (PDF) via World Wide Web für Universität St. Gallen
=ACF  \\$aBritish Library not licensed to copy$c0$e01-apr-2013$hC$iCFP Excluded$5Uk
=ACF  \\$aBritish Library not licensed to copy$c0$e01-oct-2013$hC$iCFP Excluded$5Uk
=CAT  \\$a9504$b40$c20110622$lBLL01$h1328
=CAT  \\$a11250$b40$c20110624$lBLL01$h1430
=CAT  \\$a11250$b40$c20110624$lBLL01$h1435
=CAT  \\$aBATCH-CLA$b00$c20130429$lBLL01$h0154
=CAT  \\$aBATCH-CLA$b00$c20130508$lBLL01$h0739
=CAT  \\$aBATCH-CLA$b00$c20130630$lBLL01$h1631
=CAT  \\$aIPL-CLA$c20130701$lBLL01$h0144
=CAT  \\$aBATCH-CLA$b00$c20130929$lBLL01$h1620
=CAT  \\$aIPL-CLA$c20130930$lBLL01$h1811
=CAT  \\$aBATCH-CLA$b00$c20131202$lBLL01$h0338
=CAT  \\$aIPL-CLA$c20140101$lBLL01$h0147
=CAT  \\$aBATCH-CLA$b00$c20140327$lBLL01$h1830
=CAT  \\$aIPL-CLA$c20140331$lBLL01$h1639
=CAT  \\$aBATCH-UPD$b00$c20141125$lBLL01$h1536
=CAT  \\$aBATCH-UPD$b00$c20151008$lBLL01$h1440
=CAT  \\$aBATCH-UPD$b00$c20151011$lBLL01$h2051
=CAT  \\$aBATCH-UPD$b00$c20170210$lBLL01$h1146
=CFI  0\$aBritish Library not licensed to copy$c0$e01-apr-2014$hC$iCFP Excluded$5Uk
=CFI  2\$aBritish Library not licensed to copy$c0$e01-jan-2014$hC$iCFP Excluded$5Uk
=FIN  \\$aY$d20110624
=FMT  \\$a  BK
=LAS  \\$aBATCH-UPD$b00$c20170210$lBLL01$h1146
=SID  \\$aZ39$bOCLC
=TCO  \\$aTRS$bCCC$c008

