=LDR  03262 am a22005657a 4500
=001  015831489
=003  Uk
=005  20110624151221.0
=008  110502s2011\\\\maub\\\\\b\\\|0|0\0|eng\d
=035  \\$a(OCoLC)732253049
=040  \\$aSzZUIDS$bger$cCHVBK$dUk
=100  1\$aZheng, Siqi.
=245  10$aChina's rising demand for 'green cities' :$bevidence from cross-city real estate price hedonics /$cSiqi Zheng, Jing Cao, Matthew E. Kahn.
=260  \\$aCambridge, Mass :$bNational Bureau of Economic Research,$c2011.
=300  \\$a27 p. :$b1 map ;$c22 cm.
=336  \\$atext$2rdacontent
=337  \\$aunmediated$2rdamedia
=338  \\$avolume$2rdacarrier
=490  1\$aNBER working paper series ;$v16992
=504  \\$aIncludes bibliographical references.
=520  \\$aWith the decline of the traditional hukou system, migrants in China have a broad set of cities to choose from. Within an open system of cities, compensating differentials theory predicts that local real estate prices will reflect the marginal valuation of non-market local public goods. More polluted cities will feature lower real estate prices. But, local pollution may be caused by booming local industries. To address such endogeneity concerns, we estimate hedonic regressions using an instrumental variable strategy based on "imports" of pollution from nearby sources. By documenting the importance of spatial emissions patterns, our study highlights how real estate prices in one city are affected by Pigouvian externalities originating in another location. On average, a 10% decrease in imported neighbor pollution is associated with a 1.8% increase in local home prices.
=540  \\$aBritish Library not licensed to copy$c0$5Uk
=700  1\$aCao, Jing.
=700  1\$aKahn, Matthew E.,$d1966-
=710  2\$aNational Bureau of Economic Research.
=830  \0$aWorking paper series (National Bureau of Economic Research) ;$vworking paper no. 16992.
=852  49$aBritish Library$bDSC$j6067.719500
=856  \\$3Volltext$uhttp://www.nber.org/papers/w16992$zDownload (PDF) via World Wide Web für Universität St. Gallen
=ACF  \\$aBritish Library not licensed to copy$c0$e01-apr-2013$hC$iCFP Excluded$5Uk
=ACF  \\$aBritish Library not licensed to copy$c0$e01-oct-2013$hC$iCFP Excluded$5Uk
=CAT  \\$a9504$b40$c20110622$lBLL01$h1334
=CAT  \\$a11250$b40$c20110624$lBLL01$h1512
=CAT  \\$aBATCH-CLA$b00$c20130429$lBLL01$h0154
=CAT  \\$aBATCH-CLA$b00$c20130508$lBLL01$h0739
=CAT  \\$aBATCH-CLA$b00$c20130630$lBLL01$h1631
=CAT  \\$aIPL-CLA$c20130701$lBLL01$h0144
=CAT  \\$aBATCH-CLA$b00$c20130929$lBLL01$h1620
=CAT  \\$aIPL-CLA$c20130930$lBLL01$h1811
=CAT  \\$aBATCH-CLA$b00$c20131202$lBLL01$h0338
=CAT  \\$aIPL-CLA$c20140101$lBLL01$h0147
=CAT  \\$aBATCH-CLA$b00$c20140327$lBLL01$h1830
=CAT  \\$aIPL-CLA$c20140331$lBLL01$h1639
=CAT  \\$aBATCH-UPD$b00$c20170210$lBLL01$h1146
=CFI  0\$aBritish Library not licensed to copy$c0$e01-apr-2014$hC$iCFP Excluded$5Uk
=CFI  2\$aBritish Library not licensed to copy$c0$e01-jan-2014$hC$iCFP Excluded$5Uk
=FIN  \\$aY$d20110624
=FMT  \\$a  BK
=LAS  \\$aBATCH-UPD$b00$c20170210$lBLL01$h1146
=SID  \\$aZ39$bOCLC
=TCO  \\$aTRS$bCCC$c008

