=LDR  03646 am a22005657a 4500
=001  015831550
=003  Uk
=005  20110624141617.0
=008  110418s2011\\\\maua\\\\\b\\\|000\0|eng\d
=035  \\$a(OCoLC)732186333
=040  \\$aSzZUIDS$bger$cCHVBK$dUk
=100  1\$aGopinath, Gita,$d1971-
=245  10$aTrade adjustment and productivity in large crises /$cGita Gopinath, Brent Neiman.
=260  \\$aCambridge, Mass :$bNational Bureau of Economic Research,$c2011.
=300  \\$a56 p. :$bill. ;$c22 cm.
=336  \\$atext$2rdacontent
=337  \\$aunmediated$2rdamedia
=338  \\$avolume$2rdacarrier
=490  1\$aNBER working paper series ;$vno. 16958
=504  \\$aIncludes bibliographical references.
=520  \\$aWe empirically characterize the mechanics of trade adjustment during the Argentine crisis using detailed firm-level customs data covering the universe of import transactions during 1996-2008. Our main findings are as follows: First, the extensive margin defined as the entry and exit of firms or of products (at the country level) plays a small role during the crisis. Second, the sub-extensive margin defined as the churning of inputs within firms plays a sizeable role in aggregate adjustment. This implies that the true increase in input costs exceeds that imputed from conventional price indices. Third, the relative importance of these margins and of overall trade adjustment varies with firm size. Motivated by these facts, we build a model of trade in intermediate inputs with heterogenous firms, fixed import costs, and round-about production to evaluate the channels through which a collapse in imports effects TFP in manufacturing. Measured aggregate productivity in the sector depends on within-firm adjustments to the varieties imported as well as the joint distribution of each firm's technology and the share of imports in its total spending on inputs. We simulate an imported input cost shock and show that these mechanisms can deliver quantitatively significant declines in manufacturing TFP.
=530  \\$aAlso available via the Internet.
=540  \\$aBritish Library not licensed to copy$c0$5Uk
=700  1\$aNeiman, Brent.
=710  2\$aNational Bureau of Economic Research.
=830  \0$aWorking paper series (National Bureau of Economic Research) ;$vno. 16958.
=852  49$aBritish Library$bDSC$j6067.719500
=856  \\$3Volltext$uhttp://www.nber.org/papers/w16958$zDownload (PDF) via World Wide Web für Universität St. Gallen
=ACF  \\$aBritish Library not licensed to copy$c0$e01-apr-2013$hC$iCFP Excluded$5Uk
=ACF  \\$aBritish Library not licensed to copy$c0$e01-oct-2013$hC$iCFP Excluded$5Uk
=CAT  \\$a9504$b40$c20110622$lBLL01$h1404
=CAT  \\$a8980$b40$c20110624$lBLL01$h1416
=CAT  \\$aBATCH-CLA$b00$c20130429$lBLL01$h0154
=CAT  \\$aBATCH-CLA$b00$c20130508$lBLL01$h0739
=CAT  \\$aBATCH-CLA$b00$c20130630$lBLL01$h1631
=CAT  \\$aIPL-CLA$c20130701$lBLL01$h0144
=CAT  \\$aBATCH-CLA$b00$c20130929$lBLL01$h1620
=CAT  \\$aIPL-CLA$c20130930$lBLL01$h1811
=CAT  \\$aBATCH-CLA$b00$c20131202$lBLL01$h0338
=CAT  \\$aIPL-CLA$c20140101$lBLL01$h0147
=CAT  \\$aBATCH-CLA$b00$c20140327$lBLL01$h1830
=CAT  \\$aIPL-CLA$c20140331$lBLL01$h1639
=CAT  \\$aBATCH-UPD$b00$c20170210$lBLL01$h1146
=CFI  0\$aBritish Library not licensed to copy$c0$e01-apr-2014$hC$iCFP Excluded$5Uk
=CFI  2\$aBritish Library not licensed to copy$c0$e01-jan-2014$hC$iCFP Excluded$5Uk
=FIN  \\$aY$d20110624
=FMT  \\$a  BK
=LAS  \\$aBATCH-UPD$b00$c20170210$lBLL01$h1146
=SID  \\$aZ39$bOCLC
=TCO  \\$aTRS$bCCC$c008

