=LDR  03691 am a22006017a 4500
=001  015831555
=003  Uk
=005  20120126141611.0
=008  110425s2011\\\\maua\\\\\b\\\|000\0|eng\d
=035  \\$a(OCoLC)732231396
=040  \\$aSzZUIDS$bger$cCHVBK$dUk
=100  1\$aAcemoglu, Daron.
=245  10$aHither thou shalt come, but no further :$breply to "The colonial origins of comparative development : an empirical investigation : comment" /$cDaron Acemoglu, Simon Johnson, James A. Robinson.
=260  \\$aCambridge, Mass :$bNational Bureau of Economic Research,$c2011.
=300  \\$a42, [7] p. :$bill. ;$c22 cm.
=336  \\$atext$2rdacontent
=337  \\$aunmediated$2rdamedia
=338  \\$avolume$2rdacarrier
=490  1\$aNBER working paper series ;$v16966
=504  \\$aIncludes bibliographical references.
=520  \\$aDavid Albouy expresses three main concerns about the results in Acemoglu, Johnson and Robinson (2001) on the relationship between potential settler mortality and institutions. First, there is a general concern that there are high mortality outliers, potentially affecting this relationship, with which we agree. However, limiting the effect of outliers has no impact on our substantive results and if anything significantly strengthens them, in fact making them robust to even extreme versions of his other critiques. His second argument that all the data from Latin America and much of the data from Africa, making up almost 60% of our sample, should be dropped is arbitrary - there is a great deal of well-documented comparable information on the mortality of Europeans in those places during the relevant period. His third argument that a "campaign" dummy should be included in the first stage is at odds with the historical record and is implemented inconsistently; even modest corrections undermine his claims.
=530  \\$aAlso available via the Internet.
=540  \\$aBritish Library not licensed to copy$c0$5Uk
=700  1\$aJohnson, Simon,$d1963-
=700  1\$aRobinson, James A.,$d1960-
=700  1\$aAlbouy, David Y.$tColonial origins of comparative development : an empirical investigation : comment.
=710  2\$aNational Bureau of Economic Research.
=830  \0$aWorking paper series (National Bureau of Economic Research) ;$vworking paper no. 16966.
=852  49$aBritish Library$bDSC$j6067.719500
=856  \\$3Volltext$uhttp://www.nber.org/papers/w16966$zDownload (PDF) via World Wide Web für Universität St. Gallen
=ACF  \\$aBritish Library not licensed to copy$c0$e01-apr-2013$hC$iCFP Excluded$5Uk
=ACF  \\$aBritish Library not licensed to copy$c0$e01-oct-2013$hC$iCFP Excluded$5Uk
=CAT  \\$a9504$b40$c20110622$lBLL01$h1407
=CAT  \\$a8980$b40$c20110624$lBLL01$h1301
=CAT  \\$a11250$b40$c20120126$lBLL01$h1416
=CAT  \\$aBATCH-CLA$b00$c20130429$lBLL01$h0154
=CAT  \\$aBATCH-CLA$b00$c20130508$lBLL01$h0739
=CAT  \\$aBATCH-CLA$b00$c20130630$lBLL01$h1631
=CAT  \\$aIPL-CLA$c20130701$lBLL01$h0144
=CAT  \\$aBATCH-CLA$b00$c20130929$lBLL01$h1620
=CAT  \\$aIPL-CLA$c20130930$lBLL01$h1811
=CAT  \\$aBATCH-CLA$b00$c20131202$lBLL01$h0338
=CAT  \\$aIPL-CLA$c20140101$lBLL01$h0147
=CAT  \\$aBATCH-CLA$b00$c20140327$lBLL01$h1830
=CAT  \\$aIPL-CLA$c20140331$lBLL01$h1639
=CAT  \\$aBATCH-UPD$b00$c20161211$lBLL01$h2106
=CFI  0\$aBritish Library not licensed to copy$c0$e01-apr-2014$hC$iCFP Excluded$5Uk
=CFI  2\$aBritish Library not licensed to copy$c0$e01-jan-2014$hC$iCFP Excluded$5Uk
=FIN  \\$aY$d20110624
=FMT  \\$a  BK
=LAS  \\$aBATCH-UPD$b00$c20161211$lBLL01$h2106
=SID  \\$aZ39$bOCLC
=TCO  \\$aTRS$bCCC$c008

