=LDR  03336 am a22005657a 4500
=001  015831562
=003  Uk
=005  20110624141103.0
=008  110502s2011\\\\maua\\\\\b\\\|000\0|eng\d
=035  \\$a(OCoLC)732253061
=040  \\$aSzZUIDS$bger$cCHVBK$dUk
=100  1\$aGraff Zivin, Joshua S.
=245  14$aThe impact of pollution on worker productivity /$cJoshua S. Graff Zivin, Matthew J. Neidell.
=260  \\$aCambridge, Mass :$bNational Bureau of Economic Research,$c2011.
=300  \\$a35 p. :$bill. ;$c22 cm.
=336  \\$atext$2rdacontent
=337  \\$aunmediated$2rdamedia
=338  \\$avolume$2rdacarrier
=490  1\$aNBER working paper series ;$vno. 17004
=504  \\$aIncludes bibliographical references.
=520  \\$aEnvironmental protection is typically cast as a tax on the labor market and the economy in general. Since a large body of evidence links pollution with poor health, and health is an important part of human capital, efforts to reduce pollution could plausibly be viewed as an investment in human capital and thus a tool for promoting economic growth. While a handful of studies have documented the impacts of pollution on labor supply, this paper is the first to rigorously assess the less visible but likely more pervasive impacts on worker productivity. In particular, we exploit a novel panel dataset of daily farm worker output as recorded under piece rate contracts merged with data on environmental conditions to relate the plausibly exogenous daily variations in ozone with worker productivity. We find robust evidence that ozone levels well below federal air quality standards have a significant impact on productivity: a 10 ppb decrease in ozone concentrations increases worker productivity by 4.2 percent.
=530  \\$aAlso available via the Internet.
=540  \\$aBritish Library not licensed to copy$c0$5Uk
=700  1\$aNeidell, Matthew,$d1972-
=710  2\$aNational Bureau of Economic Research.
=830  \0$aWorking paper series (National Bureau of Economic Research) ;$vno. 17004.
=852  49$aBritish Library$bDSC$j6067.719500
=856  \\$3Volltext$uhttp://www.nber.org/papers/w17004$zDownload (PDF) via World Wide Web für Universität St. Gallen
=ACF  \\$aBritish Library not licensed to copy$c0$e01-apr-2013$hC$iCFP Excluded$5Uk
=ACF  \\$aBritish Library not licensed to copy$c0$e01-oct-2013$hC$iCFP Excluded$5Uk
=CAT  \\$a9504$b40$c20110622$lBLL01$h1410
=CAT  \\$a8980$b40$c20110624$lBLL01$h1411
=CAT  \\$aBATCH-CLA$b00$c20130429$lBLL01$h0154
=CAT  \\$aBATCH-CLA$b00$c20130508$lBLL01$h0739
=CAT  \\$aBATCH-CLA$b00$c20130630$lBLL01$h1631
=CAT  \\$aIPL-CLA$c20130701$lBLL01$h0144
=CAT  \\$aBATCH-CLA$b00$c20130929$lBLL01$h1620
=CAT  \\$aIPL-CLA$c20130930$lBLL01$h1811
=CAT  \\$aBATCH-CLA$b00$c20131202$lBLL01$h0338
=CAT  \\$aIPL-CLA$c20140101$lBLL01$h0147
=CAT  \\$aBATCH-CLA$b00$c20140327$lBLL01$h1830
=CAT  \\$aIPL-CLA$c20140331$lBLL01$h1639
=CAT  \\$aBATCH-UPD$b00$c20170205$lBLL01$h2123
=CAT  \\$aBATCH-CLA$b00$c20170206$lBLL01$h0112
=CFI  0\$aBritish Library not licensed to copy$c0$e01-apr-2014$hC$iCFP Excluded$5Uk
=FIN  \\$aY$d20110624
=FMT  \\$a  BK
=LAS  \\$aBATCH-CLA$b00$c20170206$lBLL01$h0112
=SID  \\$aZ39$bOCLC
=TCO  \\$aTRS$bCCC$c008

