=LDR  03678 am a22005657a 4500
=001  015836297
=003  Uk
=005  20110701093942.0
=008  110509s2011\\\\maua\\\\\b\\\|000\0|eng\d
=035  \\$a(OCoLC)732278972
=040  \\$aSzZUIDS$bger$cCHVBK$dUk
=042  \\$aukblderived
=245  00$aManaging self-confidence :$btheory and experimental evidence /$cMarkus M. Mobius ... [et al.].
=260  \\$aCambridge, Mass :$bNational Bureau of Economic Research,$c2011.
=300  \\$a50, 4 p. :$bill. ;$c22 cm.
=336  \\$atext$2rdacontent
=337  \\$aunmediated$2rdamedia
=338  \\$avolume$2rdacarrier
=490  1\$aNBER working paper series ;$vno. 17014
=504  \\$aIncludes bibliographical references.
=520  \\$aEvidence from social psychology suggests that agents process information about their own ability in a biased manner. This evidence has motivated exciting research in behavioral economics, but has also garnered critics who point out that it is potentially consistent with standard Bayesian updating. We implement a direct experimental test. We study a large sample of 656 undergraduate students, tracking the evolution of their beliefs about their own relative performance on an IQ test as they receive noisy feedback from a known data-generating process. Our design lets us repeatedly measure the complete relevant belief distribution incentive-compatibly. We find that subjects (1) place approximately full weight on their priors, but (2) are asymmetric, over-weighting positive feedback relative to negative, and (3) conservative, updating too little in response to both positive and negative signals. These biases are substantially less pronounced in a placebo experiment where ego is not at stake. We also find that (4) a substantial portion of subjects are averse to receiving information about their ability, and that (5) less confident subjects are causally more likely to be averse. We unify these phenomena by showing that they all arise naturally in a simple model of optimally biased Bayesian information processing.
=530  \\$aAlso available via the Internet.
=540  \\$aBritish Library not licensed to copy$c0$5Uk
=700  1\$aMobius, Markus,$d1971-
=710  2\$aNational Bureau of Economic Research.
=830  \0$aWorking paper series (National Bureau of Economic Research) ;$vno. 17014.
=852  49$aBritish Library$bDSC$j6067.719500
=856  \\$3Volltext$uhttp://www.nber.org/papers/w17014$zDownload (PDF) via World Wide Web für Universität St. Gallen
=ACF  \\$aBritish Library not licensed to copy$c0$e01-apr-2013$hC$iCFP Excluded$5Uk
=ACF  \\$aBritish Library not licensed to copy$c0$e01-oct-2013$hC$iCFP Excluded$5Uk
=CAT  \\$a9504$b40$c20110628$lBLL01$h1440
=CAT  \\$a8980$b40$c20110701$lBLL01$h0939
=CAT  \\$aBATCH-CLA$b00$c20130429$lBLL01$h0154
=CAT  \\$aBATCH-CLA$b00$c20130508$lBLL01$h0739
=CAT  \\$aBATCH-CLA$b00$c20130630$lBLL01$h1631
=CAT  \\$aIPL-CLA$c20130701$lBLL01$h0145
=CAT  \\$aBATCH-CLA$b00$c20130929$lBLL01$h1620
=CAT  \\$aIPL-CLA$c20130930$lBLL01$h1811
=CAT  \\$aBATCH-CLA$b00$c20131202$lBLL01$h0338
=CAT  \\$aIPL-CLA$c20140101$lBLL01$h0147
=CAT  \\$aBATCH-CLA$b00$c20140327$lBLL01$h1830
=CAT  \\$aIPL-CLA$c20140331$lBLL01$h1639
=CAT  \\$aBATCH-UPD$b00$c20170210$lBLL01$h1125
=CFI  0\$aBritish Library not licensed to copy$c0$e01-apr-2014$hC$iCFP Excluded$5Uk
=CFI  2\$aBritish Library not licensed to copy$c0$e01-jan-2014$hC$iCFP Excluded$5Uk
=FIN  \\$aY$d20110701
=FMT  \\$a  BK
=LAS  \\$aBATCH-UPD$b00$c20170210$lBLL01$h1125
=SID  \\$aZ39$bOCLC
=TCO  \\$aTRS$bCCC$c008

