=LDR  03313 am a22005897a 4500
=001  015865865
=003  Uk
=005  20110811131836.0
=007  cr\||u||||||||
=008  110711s2011\\\\maua\\\\\b\\\|0|0\0|eng\\
=035  \\$a(OCoLC)741763717
=040  \\$aSzZUIDS$bger$cCHVBK$dUk
=100  1\$aLindert, Peter H.
=245  10$aAmerican Incomes before and after the Revolution /$cPeter H. Lindert, Jeffrey G. Williamson.
=260  \\$aCambridge, Mass :$bNational Bureau of Economic Research,$c2011.
=300  \\$a30, [24] p. :$bill. ;$c22 cm.
=336  \\$atext$2rdacontent
=337  \\$acomputer$2rdamedia
=338  \\$aonline resource$2rdacarrier
=490  1\$aNBER working paper series ;$vno. 17211
=504  \\$aIncludes bibliographical references.
=520  \\$aBuilding social tables in the tradition of Gregory King, we quantify the level and inequality of American incomes before and after the Revolutionary War. Our tentative estimates suggest that between 1774 and 1800 American incomes fell in real per capita terms. The colonial South was richer, and then suffered a greater Revolutionary decline, than suggested by previous estimates. Any rapid growth after 1790 seems to have just partially offset part of a very steep wartime decline. We also find that free American colonists had much more equal incomes than did households in England and Wales. Indeed, New England and the Middle Colonies appear to have been more egalitarian than anywhere else in the measurable world. The colonists also had greater purchasing power than their English counterparts over all of the income ranks except in the top few percent.
=530  \\$aAlso available via the Internet.
=540  \\$aBritish Library not licensed to copy$c0$5Uk
=700  1\$aWilliamson, Jeffrey G.,$d1935-
=700  1\$aWilliamson, Jeffrey G.
=710  2\$aNational Bureau of Economic Research.
=830  \0$aWorking paper series (National Bureau of Economic Research) ;$vworking paper no. 17211.
=852  49$aBritish Library$bDSC$j6067.719500
=856  \\$3Volltext$uhttp://www.nber.org/papers/w17211$zDownload (PDF) via World Wide Web für Universität St. Gallen
=ACF  \\$aBritish Library not licensed to copy$c0$e01-apr-2013$hC$iCFP Excluded$5Uk
=ACF  \\$aBritish Library not licensed to copy$c0$e01-oct-2013$hC$iCFP Excluded$5Uk
=CAT  \\$a7164$b40$c20110810$lBLL01$h0715
=CAT  \\$a11250$b40$c20110811$lBLL01$h1318
=CAT  \\$aBATCH-CLA$b00$c20130429$lBLL01$h0154
=CAT  \\$aBATCH-CLA$b00$c20130508$lBLL01$h0739
=CAT  \\$aBATCH-CLA$b00$c20130630$lBLL01$h1631
=CAT  \\$aIPL-CLA$c20130701$lBLL01$h0146
=CAT  \\$aBATCH-CLA$b00$c20130929$lBLL01$h1620
=CAT  \\$aIPL-CLA$c20130930$lBLL01$h1811
=CAT  \\$aBATCH-CLA$b00$c20131202$lBLL01$h0338
=CAT  \\$aIPL-CLA$c20140101$lBLL01$h0149
=CAT  \\$aBATCH-CLA$b00$c20140327$lBLL01$h1830
=CAT  \\$aIPL-CLA$c20140331$lBLL01$h1639
=CAT  \\$aBATCH-UPD$b00$c20170210$lBLL01$h1148
=CFI  0\$aBritish Library not licensed to copy$c0$e01-apr-2014$hC$iCFP Excluded$5Uk
=CFI  2\$aBritish Library not licensed to copy$c0$e01-jan-2014$hC$iCFP Excluded$5Uk
=FIN  \\$aY$d20110811
=FMT  \\$a  BK
=LAS  \\$aBATCH-UPD$b00$c20170210$lBLL01$h1148
=SID  \\$aZ39$bOCLC
=TCO  \\$aTRS$bCCC$c008

