=LDR  03193 am a22005777a 4500
=001  015865866
=003  Uk
=005  20110811132506.0
=007  cr\||u||||||||
=008  110711s2011\\\\mauab\\\\b\\\|0|0\0|eng\\
=035  \\$a(OCoLC)741763714
=040  \\$aSzZUIDS$bger$cCHVBK$dUk
=100  1\$aGreenstone, Michael,$d1968-
=245  10$aEnvironmental regulations, air and water pollution, and infant mortality in India /$cMichael Greenstone, Rema Hanna.
=260  \\$aCambridge, Mass :$bNational Bureau of Economic Research,$c2011.
=300  \\$a30, [19] p. :$bill., maps ;$c22 cm.
=336  \\$atext$2rdacontent
=337  \\$acomputer$2rdamedia
=338  \\$aonline resource$2rdacarrier
=490  1\$aNBER working paper series ;$vno. 17210
=504  \\$aIncludes bibliographical references.
=520  \\$aUsing the most comprehensive data file ever compiled on air pollution, water pollution, environmental regulations, and infant mortality from a developing country, the paper examines the effectiveness of India's environmental regulations. The air pollution regulations were effective at reducing ambient concentrations of particulate matter, sulfur dioxide, and nitrogen dioxide. The most successful air pollution regulation is associated with a modest and statistically insignificant decline in infant mortality. However, the water pollution regulations had no observable effect. Overall, these results contradict the conventional wisdom that environmental quality is a deterministic function of income and underscore the role of institutions and politics.
=530  \\$aAlso available via the Internet.
=540  \\$aBritish Library not licensed to copy$c0$5Uk
=700  1\$aHanna, Rema.
=710  2\$aNational Bureau of Economic Research.
=830  \0$aWorking paper series (National Bureau of Economic Research) ;$vworking paper no. 17290.
=852  49$aBritish Library$bDSC$j6067.719500
=856  \\$3Volltext$uhttp://www.nber.org/papers/w17210$zDownload (PDF) via World Wide Web für Universität St. Gallen
=ACF  \\$aBritish Library not licensed to copy$c0$e01-apr-2013$hC$iCFP Excluded$5Uk
=ACF  \\$aBritish Library not licensed to copy$c0$e01-oct-2013$hC$iCFP Excluded$5Uk
=CAT  \\$a7164$b40$c20110810$lBLL01$h0718
=CAT  \\$a11250$b40$c20110811$lBLL01$h1325
=CAT  \\$aBATCH-CLA$b00$c20130429$lBLL01$h0154
=CAT  \\$aBATCH-CLA$b00$c20130508$lBLL01$h0739
=CAT  \\$aBATCH-CLA$b00$c20130630$lBLL01$h1631
=CAT  \\$aIPL-CLA$c20130701$lBLL01$h0146
=CAT  \\$aBATCH-CLA$b00$c20130929$lBLL01$h1620
=CAT  \\$aIPL-CLA$c20130930$lBLL01$h1811
=CAT  \\$aBATCH-CLA$b00$c20131202$lBLL01$h0338
=CAT  \\$aIPL-CLA$c20140101$lBLL01$h0149
=CAT  \\$aBATCH-CLA$b00$c20140327$lBLL01$h1830
=CAT  \\$aIPL-CLA$c20140331$lBLL01$h1639
=CAT  \\$aBATCH-UPD$b00$c20170210$lBLL01$h1153
=CFI  0\$aBritish Library not licensed to copy$c0$e01-apr-2014$hC$iCFP Excluded$5Uk
=CFI  2\$aBritish Library not licensed to copy$c0$e01-jan-2014$hC$iCFP Excluded$5Uk
=FIN  \\$aY$d20110811
=FMT  \\$a  BK
=LAS  \\$aBATCH-UPD$b00$c20170210$lBLL01$h1153
=SID  \\$aZ39$bOCLC
=TCO  \\$aTRS$bCCC$c008

