=LDR  03049 am a22005777a 4500
=001  015865867
=003  Uk
=005  20110811133323.0
=007  cr\||u||||||||
=008  110711s2011\\\\maua\\\\\b\\\|0|0\0|eng\\
=035  \\$a(OCoLC)741763713
=040  \\$aSzZUIDS$bger$cCHVBK$dUk
=100  10$aGrubb, Farley Ward,$d1954-
=245  10$aState redemption of the Continental Dollar, 1779-1790 /$cFarley Grubb.
=260  \\$aCambridge, Mass :$bNational Bureau of Economic Research,$c2011.
=300  \\$a44 p. :$bill. ;$c22 cm.
=336  \\$atext$2rdacontent
=337  \\$acomputer$2rdamedia
=338  \\$aonline resource$2rdacarrier
=490  1\$aNBER working paper series ;$vno. 17209
=504  \\$aIncludes bibliographical references.
=520  \\$aRemittances of Continental Dollars to the national treasury from each state by year from 1779 through 1789 are used to determine state compliance with congressional resolutions regarding Continental-Dollar redemption. From 1781 through 1789, the states as a whole stayed well ahead of the remittance schedule set by Congress in 1779. Individual state compliance, however, varied considerably. By the time Congress changed redemption requirements with the Funding Act of 4 August 1790, a majority of the net new Continental Dollars ever emitted by Congress had already been redeemed by the states and remitted to the national treasury to be burned.
=530  \\$aAlso available via the Internet.
=540  \\$aBritish Library not licensed to copy$c0$5Uk
=710  2\$aNational Bureau of Economic Research.
=830  \0$aWorking paper series (National Bureau of Economic Research) ;$vworking paper no. 17209.
=852  49$aBritish Library$bDSC$j6067.719500
=856  \\$3Volltext$uhttp://www.nber.org/papers/w17209$zDownload (PDF) via World Wide Web für Universität St. Gallen
=ACF  \\$aBritish Library not licensed to copy$c0$e01-apr-2013$hC$iCFP Excluded$5Uk
=ACF  \\$aBritish Library not licensed to copy$c0$e01-oct-2013$hC$iCFP Excluded$5Uk
=CAT  \\$a7164$b40$c20110810$lBLL01$h0719
=CAT  \\$a11250$b40$c20110811$lBLL01$h1333
=CAT  \\$aBATCH-CLA$b00$c20130429$lBLL01$h0154
=CAT  \\$aBATCH-CLA$b00$c20130508$lBLL01$h0739
=CAT  \\$aBATCH-CLA$b00$c20130630$lBLL01$h1631
=CAT  \\$aIPL-CLA$c20130701$lBLL01$h0146
=CAT  \\$aBATCH-CLA$b00$c20130929$lBLL01$h1620
=CAT  \\$aIPL-CLA$c20130930$lBLL01$h1812
=CAT  \\$aBATCH-CLA$b00$c20131202$lBLL01$h0338
=CAT  \\$aIPL-CLA$c20140101$lBLL01$h0149
=CAT  \\$aBATCH-CLA$b00$c20140327$lBLL01$h1830
=CAT  \\$aIPL-CLA$c20140331$lBLL01$h1639
=CAT  \\$aBATCH-UPD$b00$c20141125$lBLL01$h1541
=CAT  \\$aBATCH-UPD$b00$c20170210$lBLL01$h1148
=CFI  0\$aBritish Library not licensed to copy$c0$e01-apr-2014$hC$iCFP Excluded$5Uk
=CFI  2\$aBritish Library not licensed to copy$c0$e01-jan-2014$hC$iCFP Excluded$5Uk
=FIN  \\$aY$d20110811
=FMT  \\$a  BK
=LAS  \\$aBATCH-UPD$b00$c20170210$lBLL01$h1148
=SID  \\$aZ39$bOCLC
=TCO  \\$aTRS$bCCC$c008

