=LDR  03961 am a22005777a 4500
=001  015865868
=003  Uk
=005  20110811133917.0
=007  cr\||u||||||||
=008  110711s2011\\\\maua\\\\\b\\\|0|0\0|eng\\
=035  \\$a(OCoLC)741763716
=040  \\$aSzZUIDS$bger$cCHVBK$dUk
=100  1\$aPincus, Steven C. A.
=245  10$aWhat really happened during the Glorious Revolution? /$cSteven C.A. Pincus, James A. Robinson.
=260  \\$aCambridge, Mass :$bNational Bureau of Economic Research,$c2011.
=300  \\$a36, [9] p. :$bill. ;$c22 cm.
=336  \\$atext$2rdacontent
=337  \\$acomputer$2rdamedia
=338  \\$aonline resource$2rdacarrier
=490  1\$aNBER working paper series ;$vno. 17206
=504  \\$aIncludes bibliographical references.
=520  \\$aThe English Glorious Revolution of 1688-89 is one of the most famous instances of 'institutional' change in world history which has fascinated scholars because of the role it may have played in creating an environment conducive to making England the first industrial nation. This claim was most forcefully advanced by North and Weingast yet the existing literature in history and economic history dismisses their arguments. In this paper we argue that North and Weingast were entirely correct in arguing that the Glorious Revolution represented a critical change in institutions. In addition, and contrary to the claims of many historians, most of the things they claimed happened, for example parliamentary sovereignty, did happen. However, we argue that they happened for reasons different from those put forward by North and Weingast. We show that rather than being an instance of a de jure 're-writing the rules', as North and Weingast argued, the Glorious Revolution was actually an interlinked series of de facto institutional changes which came from a change in the balance of power and authority and was part of a broader reorientation in the political equilibrium of England. Moreover, it was significant for the economy not because it solved a problem of credible commitment, but for two other reasons. First, because the institutional changes it led to meant that party political ministries, rather than the king's private advisors, now initiated policy. Second, because these ministries were dominated by Whigs with a specific program of economic modernization.
=530  \\$aAlso available via the Internet.
=540  \\$aBritish Library not licensed to copy$c0$5Uk
=710  2\$aNational Bureau of Economic Research.
=830  \0$aWorking paper series (National Bureau of Economic Research) ;$vworking paper no. 17206.
=852  49$aBritish Library$bDSC$j6067.719500
=856  \\$3Volltext$uhttp://www.nber.org/papers/w17206$zDownload (PDF) via World Wide Web für Universität St. Gallen
=ACF  \\$aBritish Library not licensed to copy$c0$e01-apr-2013$hC$iCFP Excluded$5Uk
=ACF  \\$aBritish Library not licensed to copy$c0$e01-oct-2013$hC$iCFP Excluded$5Uk
=CAT  \\$a7164$b40$c20110810$lBLL01$h0721
=CAT  \\$a11250$b40$c20110811$lBLL01$h1339
=CAT  \\$aBATCH-CLA$b00$c20130429$lBLL01$h0154
=CAT  \\$aBATCH-CLA$b00$c20130508$lBLL01$h0739
=CAT  \\$aBATCH-CLA$b00$c20130630$lBLL01$h1631
=CAT  \\$aIPL-CLA$c20130701$lBLL01$h0146
=CAT  \\$aBATCH-CLA$b00$c20130929$lBLL01$h1620
=CAT  \\$aIPL-CLA$c20130930$lBLL01$h1812
=CAT  \\$aBATCH-CLA$b00$c20131202$lBLL01$h0338
=CAT  \\$aIPL-CLA$c20140101$lBLL01$h0149
=CAT  \\$aBATCH-CLA$b00$c20140327$lBLL01$h1830
=CAT  \\$aIPL-CLA$c20140331$lBLL01$h1639
=CAT  \\$aBATCH-UPD$b00$c20141125$lBLL01$h1535
=CAT  \\$aBATCH-UPD$b00$c20161124$lBLL01$h2136
=CAT  \\$aBATCH-CLA$b00$c20161125$lBLL01$h0114
=CFI  0\$aBritish Library not licensed to copy$c0$e01-apr-2014$hC$iCFP Excluded$5Uk
=FIN  \\$aY$d20110811
=FMT  \\$a  BK
=LAS  \\$aBATCH-CLA$b00$c20161125$lBLL01$h0114
=SID  \\$aZ39$bOCLC
=TCO  \\$aTRS$bCCC$c008

