=LDR  03150 am a22005777a 4500
=001  015865870
=003  Uk
=005  20110811134446.0
=007  cr\||u||||||||
=008  110711s2011\\\\maua\\\\\b\\\|0|0\0|eng\\
=035  \\$a(OCoLC)741763715
=040  \\$aSzZUIDS$bger$cCHVBK$dUk
=100  1\$aDanzon, Patricia Munch,$d1946-
=245  10$aVaccine supply :$beffects of regulation and competition /$cPatricia M. Danzon, Nuno S. Pereira.
=260  \\$aCambridge, Mass :$bNational Bureau of Economic Research,$c2011.
=300  \\$a46 p. :$bill. ;$c22 cm.
=336  \\$atext$2rdacontent
=337  \\$acomputer$2rdamedia
=338  \\$aonline resource$2rdacarrier
=490  1\$aNBER working paper series ;$vno. 17205
=504  \\$aIncludes bibliographical references.
=520  \\$aIn US vaccine markets, competing producers with high fixed, sunk costs face relatively concentrated demand. The resulting price and quality competition leads to the exit of all but one or very few producers per vaccine. Our empirical analysis of exits from US vaccine markets supports the hypothesis that high fixed costs and both price and quality competition contribute to vaccine exits. We find no evidence that government purchasing has significant effects, possibly because government purchase tends to increase volume but lower price, with offsetting effects. Evidence from the flu vaccine market confirms that government purchasing is not a necessary condition for exits and the existence of few suppliers per vaccine in the US.
=530  \\$aAlso available via the Internet.
=540  \\$aBritish Library not licensed to copy$c0$5Uk
=700  1\$aPereira, Nuno Sousa.
=710  2\$aNational Bureau of Economic Research.
=830  \0$aWorking paper series (National Bureau of Economic Research) ;$vworking paper no. 17205.
=852  49$aBritish Library$bDSC$j6067.719500
=856  \\$3Volltext$uhttp://www.nber.org/papers/w17205$zDownload (PDF) via World Wide Web für Universität St. Gallen
=ACF  \\$aBritish Library not licensed to copy$c0$e01-apr-2013$hC$iCFP Excluded$5Uk
=ACF  \\$aBritish Library not licensed to copy$c0$e01-oct-2013$hC$iCFP Excluded$5Uk
=CAT  \\$a7164$b40$c20110810$lBLL01$h0723
=CAT  \\$a11250$b40$c20110811$lBLL01$h1344
=CAT  \\$aBATCH-CLA$b00$c20130429$lBLL01$h0154
=CAT  \\$aBATCH-CLA$b00$c20130508$lBLL01$h0739
=CAT  \\$aBATCH-CLA$b00$c20130630$lBLL01$h1631
=CAT  \\$aIPL-CLA$c20130701$lBLL01$h0146
=CAT  \\$aBATCH-CLA$b00$c20130929$lBLL01$h1620
=CAT  \\$aIPL-CLA$c20130930$lBLL01$h1812
=CAT  \\$aBATCH-CLA$b00$c20131202$lBLL01$h0338
=CAT  \\$aIPL-CLA$c20140101$lBLL01$h0149
=CAT  \\$aBATCH-CLA$b00$c20140327$lBLL01$h1830
=CAT  \\$aIPL-CLA$c20140331$lBLL01$h1639
=CAT  \\$aBATCH-UPD$b00$c20170210$lBLL01$h1124
=CFI  0\$aBritish Library not licensed to copy$c0$e01-apr-2014$hC$iCFP Excluded$5Uk
=CFI  2\$aBritish Library not licensed to copy$c0$e01-jan-2014$hC$iCFP Excluded$5Uk
=FIN  \\$aY$d20110811
=FMT  \\$a  BK
=LAS  \\$aBATCH-UPD$b00$c20170210$lBLL01$h1124
=SID  \\$aZ39$bOCLC
=TCO  \\$aTRS$bCCC$c008

