=LDR  03986 am a22006257a 4500
=001  015865871
=003  Uk
=005  20111220143741.0
=007  cr\||u||||||||
=008  110711s2011\\\\maua\\\\\b\\\|0|0\0|eng\\
=035  \\$a(OCoLC)741763061
=040  \\$aSzZUIDS$bger$cCHVBK$dUk
=245  00$aSupplier responses to Wal-Mart's invasion of Mexico /$cLeonardo Iacovone, Beata Smarzynska Javorcik, Wolfgang Keller, James R. Tybout.
=260  \\$aCambridge, Mass :$bNational Bureau of Economic Research,$c2011.
=300  \\$a43, [9] p. :$bill. ;$c22 cm.
=336  \\$atext$2rdacontent
=337  \\$acomputer$2rdamedia
=338  \\$aonline resource$2rdacarrier
=490  1\$aNBER working paper series ;$vno. 17204
=504  \\$aIncludes bibliographical references.
=520  \\$aThis paper examines the effect of Wal-Mart's entry into Mexico on Mexican manufacturers of consumer goods. Guided by firm interviews that suggested substantial heterogeneity across firms in how they responded to Wal-Mart's entry, we develop a dynamic industry model in which firms decide whether to sell their products through Walmex (short for Wal-Mart de Mexico), or use traditional retailers. Walmex provides access to a larger market, but it puts continuous pressure on its suppliers to improve their product's appeal, and it forces them to accept relatively low prices relative to product appeal. Simulations of the model show that the arrival of Walmex separates potential suppliers into two groups. Those with relatively high-appeal products choose Walmex as their retailer, whereas those with lower appeal products do not. For the industry as a whole, the model predicts that the associated market share reallocations, adjustments in innovative effort, and exit patterns increase productivity and the rate of innovation. These predictions accord well with the results from our firm interviews. The model's predictions are also supported by establishment-level panel data that characterize Mexican producers' domestic sales, investments, and productivity gains in regions with differing levels of Walmex presence during the years 1994 to 2002.
=530  \\$aAlso available via the Internet.
=540  \\$aBritish Library not licensed to copy$c0$5Uk
=700  1\$aIacovone, Leonardo.
=700  1\$aJavorcik, Beata K. Smarzynska.
=700  1\$aKeller, Wolfgang,$d1964-
=700  1\$aTybout, James R.,$d1953-
=710  2\$aNational Bureau of Economic Research.
=830  \0$aWorking paper series (National Bureau of Economic Research) ;$vworking paper no. 17204.
=852  49$aBritish Library$bDSC$j6067.719500
=856  \\$3Volltext$uhttp://www.nber.org/papers/w17204$zDownload (PDF) via World Wide Web für Universität St. Gallen
=ACF  \\$aBritish Library not licensed to copy$c0$e01-apr-2013$hC$iCFP Excluded$5Uk
=ACF  \\$aBritish Library not licensed to copy$c0$e01-oct-2013$hC$iCFP Excluded$5Uk
=CAT  \\$a7164$b40$c20110810$lBLL01$h0726
=CAT  \\$a11250$b40$c20110811$lBLL01$h1352
=CAT  \\$a5194$b40$c20111024$lBLL01$h0808
=CAT  \\$a5194$b40$c20111220$lBLL01$h1437
=CAT  \\$aBATCH-CLA$b00$c20130429$lBLL01$h0154
=CAT  \\$aBATCH-CLA$b00$c20130508$lBLL01$h0739
=CAT  \\$aBATCH-CLA$b00$c20130630$lBLL01$h1631
=CAT  \\$aIPL-CLA$c20130701$lBLL01$h0146
=CAT  \\$aBATCH-CLA$b00$c20130929$lBLL01$h1620
=CAT  \\$aIPL-CLA$c20130930$lBLL01$h1812
=CAT  \\$aBATCH-CLA$b00$c20131202$lBLL01$h0338
=CAT  \\$aIPL-CLA$c20140101$lBLL01$h0149
=CAT  \\$aBATCH-CLA$b00$c20140327$lBLL01$h1830
=CAT  \\$aIPL-CLA$c20140331$lBLL01$h1639
=CAT  \\$aBATCH-UPD$b00$c20170210$lBLL01$h1148
=CFI  0\$aBritish Library not licensed to copy$c0$e01-apr-2014$hC$iCFP Excluded$5Uk
=CFI  2\$aBritish Library not licensed to copy$c0$e01-jan-2014$hC$iCFP Excluded$5Uk
=FIN  \\$aY$d20110811
=FMT  \\$a  BK
=LAS  \\$aBATCH-UPD$b00$c20170210$lBLL01$h1148
=SID  \\$aZ39$bOCLC
=TCO  \\$aTRS$bCCC$c008

