=LDR  03081 am a22004937a 4500
=001  015868353
=003  Uk
=005  20110816152149.0
=008  110627s2011\\\\mau\\\\\\\\\\\000\0\eng\d
=035  \\$a(OCoLC)740978041
=040  \\$aSzZUIDS$bger$cCHVBK
=100  10$aDavid, Guy.
=245  10$aSide Effects of Competition :$bthe Role of Advertising and Promotion in Pharmaceutical Markets /$cGuy David, Sara Markowitz.
=260  \\$aCambridge, Mass :$bNational Bureau of Economic Research,$c2011.
=336  \\$atext$2rdacontent
=337  \\$aunmediated$2rdamedia
=338  \\$avolume$2rdacarrier
=490  0\$aNBER working paper series ;$v17162
=520  \\$aThe extent of pharmaceutical advertising and promotion can be characterized by a balancing act between profitable demand expansions and potentially unfavorable subsequent regulatory actions. However, this balance also depends on the nature of competition (e.g. monopoly versus oligopoly). In this paper we model the firm's behavior under different competitive scenarios and test the model's predictions using a novel combination of sales, promotion, advertising, and adverse event reports data. We focus on the market for erectile dysfunction drugs as the basis for estimation. This market is ideal for analysis as it is characterized by an abrupt shift in structure, all drugs are branded, the drugs are associated with adverse health events, and have extensive advertising and promotion. We find that advertising and promotion expenditures increase own market share but also increase the share of adverse drug reactions. Competitors' spending decreases market share, while also having an influence on adverse drug reactions.
=540  \\$aBritish Library not licensed to copy$c0$5Uk
=700  1\$aMarkowitz, Sara.
=852  49$aBritish Library$bDSC$j6067.719500
=856  \\$3Volltext$uhttp://www.nber.org/papers/w17162$zDownload (PDF) via World Wide Web für Universität St. Gallen
=ACF  \\$aBritish Library not licensed to copy$c0$e01-apr-2013$hC$iCFP Excluded$5Uk
=ACF  \\$aBritish Library not licensed to copy$c0$e01-oct-2013$hC$iCFP Excluded$5Uk
=CAT  \\$a7164$b40$c20110816$lBLL01$h1521
=CAT  \\$aBATCH-CLA$b00$c20130429$lBLL01$h0154
=CAT  \\$aBATCH-CLA$b00$c20130508$lBLL01$h0739
=CAT  \\$aBATCH-CLA$b00$c20130630$lBLL01$h1631
=CAT  \\$aIPL-CLA$c20130701$lBLL01$h0146
=CAT  \\$aBATCH-CLA$b00$c20130929$lBLL01$h1620
=CAT  \\$aIPL-CLA$c20130930$lBLL01$h1812
=CAT  \\$aBATCH-CLA$b00$c20131202$lBLL01$h0338
=CAT  \\$aIPL-CLA$c20140101$lBLL01$h0149
=CAT  \\$aBATCH-CLA$b00$c20140327$lBLL01$h1830
=CAT  \\$aIPL-CLA$c20140331$lBLL01$h1639
=CAT  \\$aBATCH-UPD$b00$c20141125$lBLL01$h1557
=CAT  \\$aBATCH-UPD$b00$c20170210$lBLL01$h1138
=CFI  0\$aBritish Library not licensed to copy$c0$e01-apr-2014$hC$iCFP Excluded$5Uk
=CFI  2\$aBritish Library not licensed to copy$c0$e01-jan-2014$hC$iCFP Excluded$5Uk
=FMT  \\$a  BK
=LAS  \\$aBATCH-UPD$b00$c20170210$lBLL01$h1138
=SID  \\$aZ39$bOCLC
=TCO  \\$aTRS$bCCC$c008

