=LDR  03660 am a22005417a 4500
=001  015868361
=003  Uk
=005  20110816153000.0
=008  110627s2011\\\\mau\\\\\\\\\\\000\0\eng\d
=035  \\$a(OCoLC)740978039
=040  \\$aSzZUIDS$bger$cCHVBK
=100  1\$aMarkowitz, Sara.
=245  10$aSmoking Policies and Birth Outcomes :$bEstimates From a New Era /$cSara Markowitz, E. Kathleen Adams, Patricia M. Dietz, Viji Kannan, Van Tong.
=260  \\$aCambridge, Mass :$bNational Bureau of Economic Research,$c2011.
=336  \\$atext$2rdacontent
=337  \\$aunmediated$2rdamedia
=338  \\$avolume$2rdacarrier
=490  0\$aNBER working paper series ;$v17160
=520  \\$aSmoking during pregnancy has been shown to have significant adverse health effects for new born babies. Smoking is the leading preventable cause of low birth weight of infants who in turn, need more resources at delivery and are more likely to have related health problems in infancy and beyond. Despite these outcomes, many women still smoke during pregnancy. The main question for policy makers is whether tobacco control policies can influence maternal smoking and reduce adverse birth outcomes. We examine this question using data from the Pregnancy Risk Assessment Monitoring System data from 2000 to 2005. This is a time period during which states significantly changed their tobacco control policies by raising excise taxes and imposing strong restrictions on indoor smoking. We estimate reduced form models of birth weight and gestational weeks, focusing on the effects of taxes and workplace restrictions on smoking as the policies of interest. We also estimate demand equations for the probability of smoking during the third trimester. Results show that the smoking policies are effective, but limited to babies born to mothers of certain age groups. For babies born to teenage mothers, higher cigarette taxes are associated with small increases in birth weight and gestational weeks. For babies born to mothers ages 25-34, restrictions on smoking in the workplace are associated with small increases in gestational weeks.
=540  \\$aBritish Library not licensed to copy$c0$5Uk
=700  1\$aAdams, E. Kathleen.
=700  1\$aDietz, Patricia M.
=700  1\$aKannan, Viji.
=700  1\$aTong, Van.
=852  49$aBritish Library$bDSC$j6067.719500
=856  \\$3Volltext$uhttp://www.nber.org/papers/w17160$zDownload (PDF) via World Wide Web für Universität St. Gallen
=ACF  \\$aBritish Library not licensed to copy$c0$e01-apr-2013$hC$iCFP Excluded$5Uk
=ACF  \\$aBritish Library not licensed to copy$c0$e01-oct-2013$hC$iCFP Excluded$5Uk
=CAT  \\$a7164$b40$c20110816$lBLL01$h1530
=CAT  \\$aBATCH-CLA$b00$c20130429$lBLL01$h0154
=CAT  \\$aBATCH-CLA$b00$c20130508$lBLL01$h0739
=CAT  \\$aBATCH-CLA$b00$c20130630$lBLL01$h1631
=CAT  \\$aIPL-CLA$c20130701$lBLL01$h0146
=CAT  \\$aBATCH-CLA$b00$c20130929$lBLL01$h1620
=CAT  \\$aIPL-CLA$c20130930$lBLL01$h1812
=CAT  \\$aBATCH-CLA$b00$c20131202$lBLL01$h0338
=CAT  \\$aIPL-CLA$c20140101$lBLL01$h0149
=CAT  \\$aBATCH-CLA$b00$c20140327$lBLL01$h1830
=CAT  \\$aIPL-CLA$c20140331$lBLL01$h1639
=CAT  \\$aBATCH-UPD$b00$c20141125$lBLL01$h1551
=CAT  \\$aBATCH-UPD$b00$c20170210$lBLL01$h1129
=CAT  \\$aBATCH-UPD$b00$c20171013$lBLL01$h2034
=CFI  0\$aBritish Library not licensed to copy$c0$e01-apr-2014$hC$iCFP Excluded$5Uk
=CFI  2\$aBritish Library not licensed to copy$c0$e01-jan-2014$hC$iCFP Excluded$5Uk
=FMT  \\$a  BK
=LAS  \\$aBATCH-UPD$b00$c20171013$lBLL01$h2034
=SID  \\$aZ39$bOCLC
=TCO  \\$aTRS$bCCC$c008

