=LDR  03557 am a22004817a 4500
=001  015868364
=003  Uk
=005  20110816153301.0
=008  110627s2011\\\\mau\\\\\\\\\\\000\0\eng\d
=035  \\$a(OCoLC)740978036
=040  \\$aSzZUIDS$bger$cCHVBK
=100  1\$aDale, Stacy.
=245  10$aEstimating the Return to College Selectivity over the Career Using Administrative Earnings Data /$cStacy Dale, Alan B. Krueger.
=260  \\$aCambridge, Mass :$bNational Bureau of Economic Research,$c2011.
=336  \\$atext$2rdacontent
=337  \\$aunmediated$2rdamedia
=338  \\$avolume$2rdacarrier
=490  0\$aNBER working paper series ;$v17159
=520  \\$aWe estimate the monetary return to attending a highly selective college using the College and Beyond (C&B) Survey linked to Detailed Earnings Records from the Social Security Administration (SSA). This paper extends earlier work by Dale and Krueger (2002) that examined the relationship between the college that students attended in 1976 and the earnings they self-reported reported in 1995 on the C&B follow-up survey. In this analysis, we use administrative earnings data to estimate the return to various measures of college selectivity for a more recent cohort of students: those who entered college in 1989. We also estimate the return to college selectivity for the 1976 cohort of students, but over a longer time horizon (from 1983 through 2007) using administrative data. We find that the return to college selectivity is sizeable for both cohorts in regression models that control for variables commonly observed by researchers, such as student high school GPA and SAT scores. However, when we adjust for unobserved student ability by controlling for the average SAT score of the colleges that students applied to, our estimates of the return to college selectivity fall substantially and are generally indistinguishable from zero. There were notable exceptions for certain subgroups. For black and Hispanic students and for students who come from less-educated families (in terms of their parents' education), the estimates of the return to college selectivity remain large, even in models that adjust for unobserved student characteristics.
=540  \\$aBritish Library not licensed to copy$c0$5Uk
=700  1\$aKrueger, Alan B.
=852  49$aBritish Library$bDSC$j6067.719500
=856  \\$3Volltext$uhttp://www.nber.org/papers/w17159$zDownload (PDF) via World Wide Web für Universität St. Gallen
=ACF  \\$aBritish Library not licensed to copy$c0$e01-apr-2013$hC$iCFP Excluded$5Uk
=ACF  \\$aBritish Library not licensed to copy$c0$e01-oct-2013$hC$iCFP Excluded$5Uk
=CAT  \\$a7164$b40$c20110816$lBLL01$h1533
=CAT  \\$aBATCH-CLA$b00$c20130429$lBLL01$h0154
=CAT  \\$aBATCH-CLA$b00$c20130508$lBLL01$h0739
=CAT  \\$aBATCH-CLA$b00$c20130630$lBLL01$h1631
=CAT  \\$aIPL-CLA$c20130701$lBLL01$h0146
=CAT  \\$aBATCH-CLA$b00$c20130929$lBLL01$h1620
=CAT  \\$aIPL-CLA$c20130930$lBLL01$h1812
=CAT  \\$aBATCH-CLA$b00$c20131202$lBLL01$h0338
=CAT  \\$aIPL-CLA$c20140101$lBLL01$h0149
=CAT  \\$aBATCH-CLA$b00$c20140327$lBLL01$h1830
=CAT  \\$aIPL-CLA$c20140331$lBLL01$h1639
=CAT  \\$aBATCH-UPD$b00$c20170210$lBLL01$h1152
=CFI  0\$aBritish Library not licensed to copy$c0$e01-apr-2014$hC$iCFP Excluded$5Uk
=CFI  2\$aBritish Library not licensed to copy$c0$e01-jan-2014$hC$iCFP Excluded$5Uk
=FMT  \\$a  BK
=LAS  \\$aBATCH-UPD$b00$c20170210$lBLL01$h1152
=SID  \\$aZ39$bOCLC
=TCO  \\$aTRS$bCCC$c008

