=LDR  03423 am a22005177a 4500
=001  015868367
=003  Uk
=005  20210616012633.0
=008  110620s2011\\\\mau\\\\\\\\\\\000\0\eng\d
=035  \\$a(OCoLC)740940010
=040  \\$aSzZUIDS$bger$cCHVBK
=100  1\$aKelly, Bryan$q(Bryan T.)
=245  10$aToo-Systemic-To-Fail :$bWhat Option Markets Imply About Sector-wide Government Guarantees /$cBryan T. Kelly, Hanno Lustig, Stijn Van Nieuwerburgh.
=260  \\$aCambridge, Mass :$bNational Bureau of Economic Research,$c2011.
=336  \\$atext$2rdacontent
=337  \\$aunmediated$2rdamedia
=338  \\$avolume$2rdacarrier
=490  0\$aNBER working paper series ;$v17149
=520  \\$aInvestors in option markets price in a substantial collective government bailout guarantee in the financial sector, which puts a floor on the equity value of the financial sector as a whole, but not on the value of the individual firms. The guarantee makes put options on the financial sector index cheap relative to put options on its member banks. The basket-index put spread rises fourfold from 0.8 cents per dollar insured before the financial crisis to 3.8 cents during the crisis for deep out-of-the-money options. The spread peaks at 12.5 cents per dollar, or 70% of the value of the index put. The rise in the put spread cannot be attributed to an increase in idiosyncratic risk because the correlation of stock returns increased during the crisis. Sector-wide tail risk, partially absorbed by the government's collective guarantee for the financial sector, lowers the index put prices but not the individual put prices, and hence can explain the basket-index spread. A structural model with financial disasters quantitatively matches these facts and attributes as much as half of the value of the financial sector to the bailout guarantee during the crisis. The model solves the problem of how to measure systemic risk in a world where the government distorts market prices.
=540  \\$aBritish Library not licensed to copy$c0$5Uk
=700  1\$aLustig, Hanno.
=700  1\$aNieuwerburgh, Stijn van.
=852  49$aBritish Library$bDSC$j6067.719500
=856  \\$3Volltext$uhttp://www.nber.org/papers/w17149$zDownload (PDF) via World Wide Web für Universität St. Gallen
=ACF  \\$aBritish Library not licensed to copy$c0$e01-apr-2013$hC$iCFP Excluded$5Uk
=ACF  \\$aBritish Library not licensed to copy$c0$e01-oct-2013$hC$iCFP Excluded$5Uk
=CAT  \\$a7164$b40$c20110816$lBLL01$h1535
=CAT  \\$aBATCH-CLA$b00$c20130429$lBLL01$h0154
=CAT  \\$aBATCH-CLA$b00$c20130508$lBLL01$h0739
=CAT  \\$aBATCH-CLA$b00$c20130630$lBLL01$h1631
=CAT  \\$aIPL-CLA$c20130701$lBLL01$h0146
=CAT  \\$aBATCH-UPD$b00$c20130722$lBLL01$h1351
=CAT  \\$aBATCH-CLA$b00$c20130929$lBLL01$h1620
=CAT  \\$aIPL-CLA$c20130930$lBLL01$h1812
=CAT  \\$aBATCH-CLA$b00$c20131202$lBLL01$h0338
=CAT  \\$aIPL-CLA$c20140101$lBLL01$h0149
=CAT  \\$aBATCH-CLA$b00$c20140327$lBLL01$h1830
=CAT  \\$aIPL-CLA$c20140331$lBLL01$h1639
=CAT  \\$aBATCH-UPD$b00$c20170210$lBLL01$h1138
=CAT  \\$a5194$b40$c20210615$lBLL01$h1023
=CAT  \\$aBATCH-CLA$b00$c20210616$lBLL01$h0126
=CFI  0\$aBritish Library not licensed to copy$c0$e01-apr-2014$hC$iCFP Excluded$5Uk
=FMT  \\$a  BK
=LAS  \\$aBATCH-CLA$b00$c20210616$lBLL01$h0126
=SID  \\$aZ39$bOCLC
=TCO  \\$aTRS$bCCC$c008

