=LDR  02865 am a22004697a 4500
=001  015868370
=003  Uk
=005  20110816153715.0
=008  110620s2011\\\\mau\\\\\\\\\\\000\0\eng\d
=035  \\$a(OCoLC)740939996
=040  \\$aSzZUIDS$bger$cCHVBK
=100  1\$aCoate, Stephen.
=245  10$aProperty Taxation, Zoning, and Efficiency :$bA Dynamic Analysis /$cStephen Coate.
=260  \\$aCambridge, Mass :$bNational Bureau of Economic Research,$c2011.
=336  \\$atext$2rdacontent
=337  \\$aunmediated$2rdamedia
=338  \\$avolume$2rdacarrier
=490  0\$aNBER working paper series ;$v17145
=520  \\$aThis paper revisits the classic argument that a system of local governments financing public service provision via property taxes will produce an efficient allocation of both housing and services if communities can implement zoning ordinances. The novel feature of the analysis is a dynamic model in which housing stocks and public policies are endogenously determined. In each period, citizens choose both the level of services for their communities and the zoning ordinances that govern future new construction. The main result of the paper is that there does not exist an equilibrium which has a steady state that is both efficient and satisfies a local stability property. The paper also develops examples in which equilibrium allocations converge to a steady state in which there is over-zoning and households are forced to over-consume housing. The findings of the paper challenge the well-known Benefit View of the property tax.
=540  \\$aBritish Library not licensed to copy$c0$5Uk
=852  49$aBritish Library$bDSC$j6067.719500
=856  \\$3Volltext$uhttp://www.nber.org/papers/w17145$zDownload (PDF) via World Wide Web für Universität St. Gallen
=ACF  \\$aBritish Library not licensed to copy$c0$e01-apr-2013$hC$iCFP Excluded$5Uk
=ACF  \\$aBritish Library not licensed to copy$c0$e01-oct-2013$hC$iCFP Excluded$5Uk
=CAT  \\$a7164$b40$c20110816$lBLL01$h1537
=CAT  \\$aBATCH-CLA$b00$c20130429$lBLL01$h0154
=CAT  \\$aBATCH-CLA$b00$c20130508$lBLL01$h0739
=CAT  \\$aBATCH-CLA$b00$c20130630$lBLL01$h1631
=CAT  \\$aIPL-CLA$c20130701$lBLL01$h0146
=CAT  \\$aBATCH-CLA$b00$c20130929$lBLL01$h1620
=CAT  \\$aIPL-CLA$c20130930$lBLL01$h1812
=CAT  \\$aBATCH-CLA$b00$c20131202$lBLL01$h0338
=CAT  \\$aIPL-CLA$c20140101$lBLL01$h0149
=CAT  \\$aBATCH-CLA$b00$c20140327$lBLL01$h1830
=CAT  \\$aIPL-CLA$c20140331$lBLL01$h1639
=CAT  \\$aBATCH-UPD$b00$c20170210$lBLL01$h1152
=CFI  0\$aBritish Library not licensed to copy$c0$e01-apr-2014$hC$iCFP Excluded$5Uk
=CFI  2\$aBritish Library not licensed to copy$c0$e01-jan-2014$hC$iCFP Excluded$5Uk
=FMT  \\$a  BK
=LAS  \\$aBATCH-UPD$b00$c20170210$lBLL01$h1152
=SID  \\$aZ39$bOCLC
=TCO  \\$aTRS$bCCC$c008

