=LDR  03343 am a22004937a 4500
=001  015868374
=003  Uk
=005  20110816153926.0
=008  110620s2011\\\\mau\\\\\\\\\\\000\0\eng\d
=035  \\$a(OCoLC)740939964
=040  \\$aSzZUIDS$bger$cCHVBK
=100  1\$aAcharya, Viral V.
=245  12$aA Pyrrhic Victory? :$bBank Bailouts and Sovereign Credit Risk /$cViral V. Acharya, Itamar Drechsler, Philipp Schnabl.
=260  \\$aCambridge, Mass :$bNational Bureau of Economic Research,$c2011.
=336  \\$atext$2rdacontent
=337  \\$aunmediated$2rdamedia
=338  \\$avolume$2rdacarrier
=490  0\$aNBER working paper series ;$v17136
=520  \\$aWe show that financial sector bailouts and sovereign credit risk are intimately linked. A bailout benefits the economy by ameliorating the under-investment problem of the financial sector. However, increasing taxation of the non-financial sector to fund the bailout may be inefficient since it weakens its incentive to invest, decreasing growth. Instead, the sovereign may choose to fund the bailout by diluting existing government bondholders, resulting in a deterioration of the sovereign's creditworthiness. This deterioration feeds back onto the financial sector, reducing the value of its guarantees and existing bond holdings and increasing its sensitivity to future sovereign shocks. We provide empirical evidence for this two-way feedback between financial and sovereign credit risk using data on the credit default swaps (CDS) of the Eurozone countries for 2007-10. We show that the announcement of financial sector bailouts was associated with an immediate, unprecedented widening of sovereign CDS spreads and narrowing of bank CDS spreads; however, post-bailouts there emerged a significant co-movement between bank CDS and sovereign CDS, even after controlling for banks' equity performance, the latter being consistent with an effect of the quality of sovereign guarantees on bank credit risk.
=540  \\$aBritish Library not licensed to copy$c0$5Uk
=700  1\$aDrechsler, Itamar.
=700  1\$aSchnabl, Philipp.
=852  49$aBritish Library$bDSC$j6067.719500
=856  \\$3Volltext$uhttp://www.nber.org/papers/w17136$zDownload (PDF) via World Wide Web für Universität St. Gallen
=ACF  \\$aBritish Library not licensed to copy$c0$e01-apr-2013$hC$iCFP Excluded$5Uk
=ACF  \\$aBritish Library not licensed to copy$c0$e01-oct-2013$hC$iCFP Excluded$5Uk
=CAT  \\$a7164$b40$c20110816$lBLL01$h1539
=CAT  \\$aBATCH-CLA$b00$c20130429$lBLL01$h0154
=CAT  \\$aBATCH-CLA$b00$c20130508$lBLL01$h0739
=CAT  \\$aBATCH-CLA$b00$c20130630$lBLL01$h1631
=CAT  \\$aIPL-CLA$c20130701$lBLL01$h0146
=CAT  \\$aBATCH-CLA$b00$c20130929$lBLL01$h1620
=CAT  \\$aIPL-CLA$c20130930$lBLL01$h1812
=CAT  \\$aBATCH-CLA$b00$c20131202$lBLL01$h0338
=CAT  \\$aIPL-CLA$c20140101$lBLL01$h0149
=CAT  \\$aBATCH-CLA$b00$c20140327$lBLL01$h1830
=CAT  \\$aIPL-CLA$c20140331$lBLL01$h1639
=CAT  \\$aBATCH-UPD$b00$c20170210$lBLL01$h1152
=CFI  0\$aBritish Library not licensed to copy$c0$e01-apr-2014$hC$iCFP Excluded$5Uk
=CFI  2\$aBritish Library not licensed to copy$c0$e01-jan-2014$hC$iCFP Excluded$5Uk
=FMT  \\$a  BK
=LAS  \\$aBATCH-UPD$b00$c20170210$lBLL01$h1152
=SID  \\$aZ39$bOCLC
=TCO  \\$aTRS$bCCC$c008

