=LDR  02820 am a22004937a 4500
=001  015868381
=003  Uk
=005  20110816154131.0
=008  110627s2011\\\\mau\\\\\\\\\\\000\0\eng\d
=035  \\$a(OCoLC)740978027
=040  \\$aSzZUIDS$bger$cCHVBK
=100  1\$aPapay, John P.
=245  10$aHow Performance Information Affects Human-Capital Investment Decisions :$bThe Impact of Test-Score Labels on Educational Outcomes /$cJohn P. Papay, Richard J. Murnane, John B. Willett.
=260  \\$aCambridge, Mass :$bNational Bureau of Economic Research,$c2011.
=336  \\$atext$2rdacontent
=337  \\$aunmediated$2rdamedia
=338  \\$avolume$2rdacarrier
=490  0\$aNBER working paper series ;$v17120
=520  \\$aStudents receive abundant information about their educational performance, but how this information affects future educational-investment decisions is not well understood. Increasingly common sources of information are state-mandated standardized tests. On these tests, students receive a score and a label that summarizes their performance. Using a regression-discontinuity design, we find persistent effects of earning a more positive label on the college-going decisions of urban, low-income students. Consistent with a Bayesian-updating model, these effects are concentrated among students with weaker priors, specifically those who report before taking the test that they do not plan to attend a four-year college.
=540  \\$aBritish Library not licensed to copy$c0$5Uk
=700  1\$aMurnane, Richard J.
=700  1\$aWillett, John B.
=852  49$aBritish Library$bDSC$j6067.719500
=856  \\$3Volltext$uhttp://www.nber.org/papers/w17120$zDownload (PDF) via World Wide Web für Universität St. Gallen
=ACF  \\$aBritish Library not licensed to copy$c0$e01-apr-2013$hC$iCFP Excluded$5Uk
=ACF  \\$aBritish Library not licensed to copy$c0$e01-oct-2013$hC$iCFP Excluded$5Uk
=CAT  \\$a7164$b40$c20110816$lBLL01$h1541
=CAT  \\$aBATCH-CLA$b00$c20130429$lBLL01$h0154
=CAT  \\$aBATCH-CLA$b00$c20130508$lBLL01$h0739
=CAT  \\$aBATCH-CLA$b00$c20130630$lBLL01$h1631
=CAT  \\$aIPL-CLA$c20130701$lBLL01$h0146
=CAT  \\$aBATCH-CLA$b00$c20130929$lBLL01$h1620
=CAT  \\$aIPL-CLA$c20130930$lBLL01$h1812
=CAT  \\$aBATCH-CLA$b00$c20131202$lBLL01$h0338
=CAT  \\$aIPL-CLA$c20140101$lBLL01$h0149
=CAT  \\$aBATCH-CLA$b00$c20140327$lBLL01$h1830
=CAT  \\$aIPL-CLA$c20140331$lBLL01$h1639
=CAT  \\$aBATCH-UPD$b00$c20170210$lBLL01$h1139
=CFI  0\$aBritish Library not licensed to copy$c0$e01-apr-2014$hC$iCFP Excluded$5Uk
=CFI  2\$aBritish Library not licensed to copy$c0$e01-jan-2014$hC$iCFP Excluded$5Uk
=FMT  \\$a  BK
=LAS  \\$aBATCH-UPD$b00$c20170210$lBLL01$h1139
=SID  \\$aZ39$bOCLC
=TCO  \\$aTRS$bCCC$c008

