=LDR  03436 am a22005777a 4500
=001  015875900
=003  Uk
=005  20110826134223.0
=008  110627s2011\\\\maua\\\\\b\\\|0|0\0|eng\d
=035  \\$a(OCoLC)740978058
=040  \\$aSzZUIDS$bger$cCHVBK$dUk
=100  1\$aAnderson, Michael.
=245  10$aPounds that kill :$bthe external costs of vehicle weight /$cMichael Anderson, Maximilian Auffhammer.
=260  \\$aCambridge, Mass :$bNational Bureau of Economic Research,$c2011.
=300  \\$a34, [19] p. :$bill. ;$c21 cm.
=336  \\$atext$2rdacontent
=337  \\$aunmediated$2rdamedia
=338  \\$avolume$2rdacarrier
=490  1\$aNBER working paper series ;$v17170
=504  \\$aIncludes bibliographical references.
=520  \\$aHeavier vehicles are safer for their own occupants but more hazardous for the occupants of other vehicles. In this paper we estimate the increased probability of fatalities from being hit by a heavier vehicle in a collision. We show that, controlling for own-vehicle weight, being hit by a vehicle that is 1,000 pounds heavier results in a 47% increase in the baseline fatality probability. Estimation results further suggest that the fatality risk is even higher if the striking vehicle is a light truck (SUV, pickup truck, or minivan). We calculate that the value of the external risk generated by the gain in fleet weight since 1989 is approximately 27 cents per gallon of gasoline. We further calculate that the total fatality externality is roughly equivalent to a gas tax of {dollar}1.08 per gallon. We consider two policy options for internalizing this external cost: a gas tax and an optimal weight varying mileage tax. Comparing these options, we find that the cost is similar for most vehicles.
=530  \\$aAlso available via the Internet.
=540  \\$aBritish Library not licensed to copy$c0$5Uk
=700  1\$aAuffhammer, Maximilian,$d1973-
=710  2\$aNational Bureau of Economic Research.
=830  \0$aWorking paper series (National Bureau of Economic Research) ;$vworking paper no. 17170.
=852  49$aBritish Library$bDSC$j6067.719500
=856  \\$3Volltext$uhttp://www.nber.org/papers/w17170$zDownload (PDF) via World Wide Web für Universität St. Gallen
=ACF  \\$aBritish Library not licensed to copy$c0$e01-apr-2013$hC$iCFP Excluded$5Uk
=ACF  \\$aBritish Library not licensed to copy$c0$e01-oct-2013$hC$iCFP Excluded$5Uk
=CAT  \\$a9504$b40$c20110824$lBLL01$h1159
=CAT  \\$a11250$b40$c20110826$lBLL01$h1342
=CAT  \\$aBATCH-UPD$b40$c20120823$lBLL01$h2150
=CAT  \\$aBATCH-CLA$b00$c20130429$lBLL01$h0154
=CAT  \\$aBATCH-CLA$b00$c20130508$lBLL01$h0739
=CAT  \\$aBATCH-CLA$b00$c20130630$lBLL01$h1631
=CAT  \\$aIPL-CLA$c20130701$lBLL01$h0146
=CAT  \\$aBATCH-CLA$b00$c20130929$lBLL01$h1620
=CAT  \\$aIPL-CLA$c20130930$lBLL01$h1812
=CAT  \\$aBATCH-CLA$b00$c20131202$lBLL01$h0338
=CAT  \\$aIPL-CLA$c20140101$lBLL01$h0150
=CAT  \\$aBATCH-CLA$b00$c20140327$lBLL01$h1830
=CAT  \\$aIPL-CLA$c20140331$lBLL01$h1639
=CAT  \\$aBATCH-UPD$b00$c20170210$lBLL01$h1149
=CFI  0\$aBritish Library not licensed to copy$c0$e01-apr-2014$hC$iCFP Excluded$5Uk
=CFI  2\$aBritish Library not licensed to copy$c0$e01-jan-2014$hC$iCFP Excluded$5Uk
=FIN  \\$aY$d20110826
=FMT  \\$a  BK
=LAS  \\$aBATCH-UPD$b00$c20170210$lBLL01$h1149
=SID  \\$aZ39$bOCLC
=TCO  \\$aTRS$bCCC$c008

