=LDR  03205 am a22005657a 4500
=001  015875916
=003  Uk
=005  20110826135111.0
=008  110627s2011\\\\maua\\\\\b\\\|0|0\0|eng\d
=035  \\$a(OCoLC)740978051
=040  \\$aSzZUIDS$bger$cCHVBK$dUk
=100  1\$aNotowidigdo, Matt,$d1981-
=245  14$aThe incidence of local labor demand shocks /$cMatthew J. Notowidigdo.
=260  \\$aCambridge, Mass :$bNational Bureau of Economic Research,$c2011.
=300  \\$a50, A-13 p. :$bill. ;$c21 cm.
=336  \\$atext$2rdacontent
=337  \\$aunmediated$2rdamedia
=338  \\$avolume$2rdacarrier
=490  1\$aNBER working paper series ;$v17167
=504  \\$aIncludes bibliographical references.
=520  \\$aLow-skill workers are comparatively immobile: when labor demand slumps in a city, low-skill workers are disproportionately likely to remain to face declining wages and employment. This paper estimates the extent to which (falling) housing prices and (rising) social transfers can account for this fact using a spatial equilibrium model. Nonlinear reduced form estimates of the model using U.S. Census data document that positive labor demand shocks increase population more than negative shocks reduce population, this asymmetry is larger for low-skill workers, and such an asymmetry is absent for wages, housing values, and rental prices. GMM estimates of the full model suggest that the comparative immobility of low-skill workers is not due to higher mobility costs per se, but rather a lower incidence of adverse labor demand shocks.
=530  \\$aAlso available via the Internet.
=540  \\$aBritish Library not licensed to copy$c0$5Uk
=710  2\$aNational Bureau of Economic Research.
=830  \0$aWorking paper series (National Bureau of Economic Research) ;$vworking paper no. 17167.
=852  49$aBritish Library$bDSC$j6067.719500
=856  \\$3Volltext$uhttp://www.nber.org/papers/w17167$zDownload (PDF) via World Wide Web für Universität St. Gallen
=ACF  \\$aBritish Library not licensed to copy$c0$e01-apr-2013$hC$iCFP Excluded$5Uk
=ACF  \\$aBritish Library not licensed to copy$c0$e01-oct-2013$hC$iCFP Excluded$5Uk
=CAT  \\$a9504$b40$c20110824$lBLL01$h1206
=CAT  \\$a11250$b40$c20110826$lBLL01$h1351
=CAT  \\$aBATCH-UPD$b40$c20120823$lBLL01$h2150
=CAT  \\$aBATCH-CLA$b00$c20130429$lBLL01$h0154
=CAT  \\$aBATCH-CLA$b00$c20130508$lBLL01$h0739
=CAT  \\$aBATCH-CLA$b00$c20130630$lBLL01$h1631
=CAT  \\$aIPL-CLA$c20130701$lBLL01$h0146
=CAT  \\$aBATCH-CLA$b00$c20130929$lBLL01$h1620
=CAT  \\$aIPL-CLA$c20130930$lBLL01$h1812
=CAT  \\$aBATCH-CLA$b00$c20131202$lBLL01$h0338
=CAT  \\$aIPL-CLA$c20140101$lBLL01$h0150
=CAT  \\$aBATCH-CLA$b00$c20140327$lBLL01$h1830
=CAT  \\$aIPL-CLA$c20140331$lBLL01$h1639
=CAT  \\$aBATCH-UPD$b00$c20160914$lBLL01$h0734
=CFI  0\$aBritish Library not licensed to copy$c0$e01-apr-2014$hC$iCFP Excluded$5Uk
=CFI  2\$aBritish Library not licensed to copy$c0$e01-jan-2014$hC$iCFP Excluded$5Uk
=FIN  \\$aY$d20110826
=FMT  \\$a  BK
=LAS  \\$aBATCH-UPD$b00$c20160914$lBLL01$h0734
=SID  \\$aZ39$bOCLC
=TCO  \\$aTRS$bCCC$c008

