=LDR  03251 am a22005897a 4500
=001  015883870
=003  Uk
=005  20110908131334.0
=007  cr\||u||||||||
=008  110815s2011\\\\maua\\\\\b\\\|0|0\0|eng\d
=035  \\$a(OCoLC)746833520
=040  \\$aSzZUIDS$bger$cCHVBK$dOUN
=100  1\$aSialm, Clemens.
=245  10$aSpillover effects in mutual fund companies /$cClemens Sialm, T. Mandy Tham.
=260  \\$aCambridge, Mass :$bNational Bureau of Economic Research,$c2011.
=300  \\$a48 p. :$bill. ;$c22 cm.
=336  \\$atext$2rdacontent
=337  \\$acomputer$2rdamedia
=338  \\$aonline resource$2rdacarrier
=490  1\$aNBER working paper series ;$v17292
=504  \\$aIncludes bibliographical references.
=520  \\$aOur paper investigates spillover effects across different business segments of publicly traded mutual fund management companies. We find that the prior stock price performance of the management company has a significant impact on the money flows and the management turnover of the affiliated mutual funds. Mutual funds managed by poorly performing firms experience unexpectedly low flows of new money and exhibit a significantly higher attrition of fund managers even if the mutual funds themselves performed well. Our results remain strong for companies where mutual funds account for only a small fraction of the overall revenues and hold for both equity and bond mutual funds. These results indicate that the financial health of a diversified firm has a significant impact on the prospects of the various business segments.
=530  \\$aAlso available via the Internet.
=540  \\$aBritish Library not licensed to copy$c0$5Uk
=700  1\$aTham, T. Mandy.
=710  2\$aNational Bureau of Economic Research.
=830  \0$aWorking paper series (National Bureau of Economic Research) ;$vworking paper no. 17292.
=852  49$aBritish Library$bDSC$j6067.719500
=856  \\$3Volltext$uhttp://www.nber.org/papers/w17292$zDownload (PDF) via World Wide Web für Universität St. Gallen
=ACF  \\$aBritish Library not licensed to copy$c0$e01-apr-2013$hC$iCFP Excluded$5Uk
=ACF  \\$aBritish Library not licensed to copy$c0$e01-oct-2013$hC$iCFP Excluded$5Uk
=CAT  \\$a9504$b40$c20110906$lBLL01$h1218
=CAT  \\$a11250$b40$c20110908$lBLL01$h1313
=CAT  \\$aBATCH-UPD$b40$c20120823$lBLL01$h2150
=CAT  \\$aBATCH-CLA$b00$c20130429$lBLL01$h0154
=CAT  \\$aBATCH-CLA$b00$c20130508$lBLL01$h0739
=CAT  \\$aBATCH-CLA$b00$c20130630$lBLL01$h1631
=CAT  \\$aIPL-CLA$c20130701$lBLL01$h0146
=CAT  \\$aBATCH-CLA$b00$c20130929$lBLL01$h1620
=CAT  \\$aIPL-CLA$c20130930$lBLL01$h1812
=CAT  \\$aBATCH-CLA$b00$c20131202$lBLL01$h0338
=CAT  \\$aIPL-CLA$c20140101$lBLL01$h0150
=CAT  \\$aBATCH-CLA$b00$c20140327$lBLL01$h1830
=CAT  \\$aIPL-CLA$c20140331$lBLL01$h1639
=CAT  \\$aBATCH-UPD$b00$c20170210$lBLL01$h1151
=CFI  0\$aBritish Library not licensed to copy$c0$e01-apr-2014$hC$iCFP Excluded$5Uk
=CFI  2\$aBritish Library not licensed to copy$c0$e01-jan-2014$hC$iCFP Excluded$5Uk
=FIN  \\$aY$d20110908
=FMT  \\$a  BK
=LAS  \\$aBATCH-UPD$b00$c20170210$lBLL01$h1151
=SID  \\$aZ39$bOCLC
=TCO  \\$aTRS$bCCC$c008

