=LDR  03221 am a22006137a 4500
=001  015883912
=003  Uk
=005  20110908130916.0
=007  cr\||u||||||||
=008  110815s2011\\\\mau\\\\\\b\\\|0|0\0|eng\d
=035  \\$a(OCoLC)746833194
=040  \\$aSzZUIDS$bger$cCHVBK$dUk
=100  1\$aHovakimian, Armen.
=245  10$aAre corporate default probabilities consistent with the static tradeoff theory? /$cArmen Hovakimian, Ayla Kayhan, Sheridan Titman.
=260  \\$aCambridge, Mass :$bNational Bureau of Economic Research,$c2011.
=300  \\$a42 p. ;$c22 cm.
=336  \\$atext$2rdacontent
=337  \\$acomputer$2rdamedia
=338  \\$aonline resource$2rdacarrier
=490  1\$aNBER working paper series ;$v17290
=504  \\$aIncludes bibliographical references.
=520  \\$aDefault probability plays a central role in the static tradeoff theory of capital structure. We directly test this theory by regressing the probability of default on proxies for costs and benefits of debt. Contrary to predictions of the theory, firms with higher bankruptcy costs, i.e., smaller firms and firms with lower asset tangibility, choose capital structures with higher bankruptcy risk. Further analysis suggests that the capital structures of smaller firms with lower asset tangibility, which tend to have less access to capital markets, are more sensitive to negative profitability and equity value shocks, making them more susceptible to bankruptcy risk.
=530  \\$aAlso available via the Internet.
=540  \\$aBritish Library not licensed to copy$c0$5Uk
=700  1\$aKayhan, Ayla.
=700  1\$aTitman, Sheridan.
=710  2\$aNational Bureau of Economic Research.
=830  \0$aWorking paper series (National Bureau of Economic Research) ;$vworking paper no. 17290.
=852  49$aBritish Library$bDSC$j6067.719500
=856  \\$3Volltext$uhttp://www.nber.org/papers/w17290$zDownload (PDF) via World Wide Web für Universität St. Gallen
=ACF  \\$aBritish Library not licensed to copy$c0$e01-apr-2013$hC$iCFP Excluded$5Uk
=ACF  \\$aBritish Library not licensed to copy$c0$e01-oct-2013$hC$iCFP Excluded$5Uk
=CAT  \\$a9504$b40$c20110906$lBLL01$h1322
=CAT  \\$a11250$b40$c20110908$lBLL01$h1308
=CAT  \\$a11250$b40$c20110908$lBLL01$h1309
=CAT  \\$aBATCH-UPD$b40$c20120823$lBLL01$h2150
=CAT  \\$aBATCH-CLA$b00$c20130429$lBLL01$h0154
=CAT  \\$aBATCH-CLA$b00$c20130508$lBLL01$h0739
=CAT  \\$aBATCH-CLA$b00$c20130630$lBLL01$h1631
=CAT  \\$aIPL-CLA$c20130701$lBLL01$h0146
=CAT  \\$aBATCH-CLA$b00$c20130929$lBLL01$h1620
=CAT  \\$aIPL-CLA$c20130930$lBLL01$h1812
=CAT  \\$aBATCH-CLA$b00$c20131202$lBLL01$h0338
=CAT  \\$aIPL-CLA$c20140101$lBLL01$h0150
=CAT  \\$aBATCH-CLA$b00$c20140327$lBLL01$h1830
=CAT  \\$aIPL-CLA$c20140331$lBLL01$h1639
=CAT  \\$aBATCH-UPD$b00$c20170210$lBLL01$h1149
=CFI  0\$aBritish Library not licensed to copy$c0$e01-apr-2014$hC$iCFP Excluded$5Uk
=CFI  2\$aBritish Library not licensed to copy$c0$e01-jan-2014$hC$iCFP Excluded$5Uk
=FIN  \\$aY$d20110908
=FMT  \\$a  BK
=LAS  \\$aBATCH-UPD$b00$c20170210$lBLL01$h1149
=SID  \\$aZ39$bOCLC
=TCO  \\$aTRS$bCCC$c008

