=LDR  03228 am a22006137a 4500
=001  015883916
=003  Uk
=005  20200517010357.0
=007  cr\||u||||||||
=008  110815s2011\\\\maua\\\\\b\\\|0|0\0|eng\d
=035  \\$a(OCoLC)746833871
=040  \\$aSzZUIDS$bger$cCHVBK$dUk
=100  1\$aDuffie, Darrell.
=245  10$aCapital mobility and asset pricing /$cDarrell Duffie, Bruno Strulovici.
=260  \\$aCambridge, Mass :$bNational Bureau of Economic Research,$c2011.
=300  \\$a52 p. :$bill. ;$c22 cm.
=336  \\$atext$2rdacontent
=337  \\$acomputer$2rdamedia
=338  \\$aonline resource$2rdacarrier
=490  1\$aNBER working paper series ;$v17296
=504  \\$aIncludes bibliographical references.
=520  \\$aWe present a model for the equilibrium movement of capital between asset markets that are distinguished only by the levels of capital invested in each. Investment in that market with the greatest amount of capital earns the lowest risk premium. Intermediaries optimally trade off the costs of intermediation against fees that depend on the gain they can offer to investors for moving their capital to the market with the higher mean return. Those fees also depend on the bargaining power of the investor, in light of potential alternative intermediaries. In equilibrium, the speeds of adjustment of mean returns and of capital between the two markets are increasing in the degree to which capital is imbalanced between the two markets.
=530  \\$aAlso available via the Internet.
=540  \\$aBritish Library not licensed to copy$c0$5Uk
=700  1\$aStrulovici, Bruno.
=710  2\$aNational Bureau of Economic Research.
=830  \0$aWorking paper series (National Bureau of Economic Research) ;$vworking paper no. 17296.
=852  49$aBritish Library$bDSC$j6067.719500
=856  \\$3Volltext$uhttp://www.nber.org/papers/w17296$zDownload (PDF) via World Wide Web für Universität St. Gallen
=ACF  \\$aBritish Library not licensed to copy$c0$e01-apr-2013$hC$iCFP Excluded$5Uk
=ACF  \\$aBritish Library not licensed to copy$c0$e01-oct-2013$hC$iCFP Excluded$5Uk
=CAT  \\$a9504$b40$c20110906$lBLL01$h1325
=CAT  \\$a11250$b40$c20110908$lBLL01$h1304
=CAT  \\$aBATCH-UPD$b40$c20120823$lBLL01$h2150
=CAT  \\$aBATCH-CLA$b00$c20130429$lBLL01$h0154
=CAT  \\$aBATCH-CLA$b00$c20130508$lBLL01$h0739
=CAT  \\$aBATCH-CLA$b00$c20130630$lBLL01$h1631
=CAT  \\$aIPL-CLA$c20130701$lBLL01$h0146
=CAT  \\$aBATCH-CLA$b00$c20130929$lBLL01$h1620
=CAT  \\$aIPL-CLA$c20130930$lBLL01$h1812
=CAT  \\$aBATCH-CLA$b00$c20131202$lBLL01$h0338
=CAT  \\$aIPL-CLA$c20140101$lBLL01$h0150
=CAT  \\$aBATCH-CLA$b00$c20140327$lBLL01$h1830
=CAT  \\$aIPL-CLA$c20140331$lBLL01$h1639
=CAT  \\$aBATCH-UPD$b00$c20141125$lBLL01$h1548
=CAT  \\$aBATCH-UPD$b00$c20170210$lBLL01$h1123
=CAT  \\$aBATCH-UPD$b00$c20200516$lBLL01$h1731
=CAT  \\$aBATCH-CLA$b00$c20200517$lBLL01$h0103
=CFI  0\$aBritish Library not licensed to copy$c0$e01-apr-2014$hC$iCFP Excluded$5Uk
=FIN  \\$aY$d20110908
=FMT  \\$a  BK
=LAS  \\$aBATCH-CLA$b00$c20200517$lBLL01$h0103
=SID  \\$aZ39$bOCLC
=TCO  \\$aTRS$bCCC$c008

