=LDR  03027 am a22005897a 4500
=001  015883940
=003  Uk
=005  20110908115047.0
=007  cr\||u||||||||
=008  110815s2011\\\\mau\\\\\\b\\\|0|0\0|eng\d
=035  \\$a(OCoLC)746833515
=040  \\$aSzZUIDS$bger$cCHVBK$dUk
=100  1\$aFox, Jeremy T.
=245  12$aA simple nonparametric approach to estimating the distribution of random coefficients in structural models /$cJeremy T. Fox, Kyoo il Kim.
=260  \\$aCambridge, Mass :$bNational Bureau of Economic Research,$c2011.
=300  \\$a27 p. ;$c22 cm.
=336  \\$atext$2rdacontent
=337  \\$acomputer$2rdamedia
=338  \\$aonline resource$2rdacarrier
=490  1\$aNBER working paper series ;$v17283
=504  \\$aIncludes bibliographical references.
=520  \\$aWe explore a nonparametric mixtures estimator for recovering the joint distribution of random coefficients in economic models. The estimator is based on linear regression subject to linear inequality constraints and is computationally attractive compared to alternative, nonparametric estimators. We provide conditions under which the estimated distribution function converges to the true distribution in the weak topology on the space of distributions. We verify the consistency conditions for discrete choice, continuous outcome and selection models.
=530  \\$aAlso available via the Internet.
=540  \\$aBritish Library not licensed to copy$c0$5Uk
=700  1\$aKim, Kyoo-il.
=710  2\$aNational Bureau of Economic Research.
=830  \0$aWorking paper series (National Bureau of Economic Research) ;$vworking paper no. 17283.
=852  49$aBritish Library$bDSC$j6067.719500
=856  \\$3Volltext$uhttp://www.nber.org/papers/w17283$zDownload (PDF) via World Wide Web für Universität St. Gallen
=ACF  \\$aBritish Library not licensed to copy$c0$e01-apr-2013$hC$iCFP Excluded$5Uk
=ACF  \\$aBritish Library not licensed to copy$c0$e01-oct-2013$hC$iCFP Excluded$5Uk
=CAT  \\$a9504$b40$c20110906$lBLL01$h1347
=CAT  \\$a11250$b40$c20110908$lBLL01$h1150
=CAT  \\$aBATCH-UPD$b40$c20120823$lBLL01$h2150
=CAT  \\$aBATCH-CLA$b00$c20130429$lBLL01$h0154
=CAT  \\$aBATCH-CLA$b00$c20130508$lBLL01$h0739
=CAT  \\$aBATCH-CLA$b00$c20130630$lBLL01$h1631
=CAT  \\$aIPL-CLA$c20130701$lBLL01$h0146
=CAT  \\$aBATCH-CLA$b00$c20130929$lBLL01$h1620
=CAT  \\$aIPL-CLA$c20130930$lBLL01$h1812
=CAT  \\$aBATCH-CLA$b00$c20131202$lBLL01$h0338
=CAT  \\$aIPL-CLA$c20140101$lBLL01$h0150
=CAT  \\$aBATCH-CLA$b00$c20140327$lBLL01$h1830
=CAT  \\$aIPL-CLA$c20140331$lBLL01$h1639
=CAT  \\$aBATCH-UPD$b00$c20170210$lBLL01$h1122
=CFI  0\$aBritish Library not licensed to copy$c0$e01-apr-2014$hC$iCFP Excluded$5Uk
=CFI  2\$aBritish Library not licensed to copy$c0$e01-jan-2014$hC$iCFP Excluded$5Uk
=FIN  \\$aY$d20110908
=FMT  \\$a  BK
=LAS  \\$aBATCH-UPD$b00$c20170210$lBLL01$h1122
=SID  \\$aZ39$bOCLC
=TCO  \\$aTRS$bCCC$c008

