=LDR  03535 am a22006137a 4500
=001  015883944
=003  Uk
=005  20210720010814.0
=007  cr\||u||||||||
=008  110815s2011\\\\mau\\\\\\b\\\|0|0\0|eng\d
=035  \\$a(OCoLC)746833513
=040  \\$aSzZUIDS$bger$cCHVBK$dOUN$dUk
=100  1\$aBlonigen, Bruce A.$q(Bruce Aloysius)
=245  10$aForeign firms and local communities /$cBruce Blonigen, Cheyney O'Fallon.
=260  \\$aCambridge, Mass :$bNational Bureau of Economic Research,$c2011.
=300  \\$a33 p. ;$c22 cm.
=336  \\$atext$2rdacontent
=337  \\$acomputer$2rdamedia
=338  \\$aonline resource$2rdacarrier
=490  1\$aNBER working paper series ;$v17282
=504  \\$aIncludes bibliographical references.
=520  \\$aThe literature on the effects of foreign direct investment (FDI) and activities of multinational enterprises (MNEs) on host-countries has been almost exclusively focused on issues of productivity, growth and wages. We argue that this leaves quite a bit of important unexplored areas of inquiry, particularly those connected with the interactions of local communities and governments with MNEs. As an example, we provide a novel analysis of local corporate philanthropy, which shows significant differences between local- and foreign-owned corporations. We find that foreign-owned enterprises are less likely to give, but that when they do give, it is substantially more in magnitude than domestic firms, everything else equal. This evidence is consistent with the hypothesis that foreign-owned firms would prefer to use corporate social responsibility (CSR) activities on a more international scale, but will strategically use CSR activities for public relation motives when the MNE faces greater local scrutiny and/or bias.
=530  \\$aAlso available via the Internet.
=540  \\$aBritish Library not licensed to copy$c0$5Uk
=700  1\$aO'Fallon, Cheyney.
=710  2\$aNational Bureau of Economic Research.
=830  \0$aWorking paper series (National Bureau of Economic Research) ;$vworking paper no. 17282.
=852  49$aBritish Library$bDSC$j6067.719500
=856  \\$3Volltext$uhttp://www.nber.org/papers/w17282$zDownload (PDF) via World Wide Web für Universität St. Gallen
=ACF  \\$aBritish Library not licensed to copy$c0$e01-apr-2013$hC$iCFP Excluded$5Uk
=ACF  \\$aBritish Library not licensed to copy$c0$e01-oct-2013$hC$iCFP Excluded$5Uk
=CAT  \\$a9504$b40$c20110906$lBLL01$h1350
=CAT  \\$a11250$b40$c20110908$lBLL01$h1140
=CAT  \\$aBATCH-UPD$b40$c20120823$lBLL01$h2150
=CAT  \\$aBATCH-CLA$b00$c20130429$lBLL01$h0154
=CAT  \\$aBATCH-CLA$b00$c20130508$lBLL01$h0739
=CAT  \\$aBATCH-CLA$b00$c20130630$lBLL01$h1631
=CAT  \\$aIPL-CLA$c20130701$lBLL01$h0146
=CAT  \\$aBATCH-CLA$b00$c20130929$lBLL01$h1620
=CAT  \\$aIPL-CLA$c20130930$lBLL01$h1812
=CAT  \\$aBATCH-CLA$b00$c20131202$lBLL01$h0338
=CAT  \\$aIPL-CLA$c20140101$lBLL01$h0150
=CAT  \\$aBATCH-CLA$b00$c20140327$lBLL01$h1830
=CAT  \\$aIPL-CLA$c20140331$lBLL01$h1639
=CAT  \\$aBATCH-UPD$b00$c20141125$lBLL01$h1542
=CAT  \\$aBATCH-UPD$b00$c20170210$lBLL01$h1149
=CAT  \\$aBATCH-UPD$b00$c20210719$lBLL01$h2205
=CAT  \\$aBATCH-CLA$b00$c20210720$lBLL01$h0108
=CFI  0\$aBritish Library not licensed to copy$c0$e01-apr-2014$hC$iCFP Excluded$5Uk
=FIN  \\$aY$d20110908
=FMT  \\$a  BK
=LAS  \\$aBATCH-CLA$b00$c20210720$lBLL01$h0108
=SID  \\$aZ39$bOCLC
=TCO  \\$aTRS$bCCC$c008

