=LDR  03190 am a22005777a 4500
=001  015883952
=003  Uk
=005  20110908113426.0
=007  cr\||u||||||||
=008  110808s2011\\\\maua\\\\\b\\\|0|0\0|eng\d
=035  \\$a(OCoLC)745960368
=040  \\$aSzZUIDS$bger$cCHVBK
=100  1\$aBurnside, Craig.
=245  10$aCarry trades and risk /$cCraig Burnside.
=260  \\$aCambridge, Mass :$bNational Bureau of Economic Research,$c2011.
=300  \\$a35 p. :$bill. ;$c22 cm.
=336  \\$atext$2rdacontent
=337  \\$acomputer$2rdamedia
=338  \\$aonline resource$2rdacarrier
=490  1\$aNBER working paper series ;$v17278
=504  \\$aIncludes bibliographical references.
=520  \\$aCarry trades, in which an investor borrows a low interest rate currency and lends a high interest rate currency, have been profitable historically. The risk exposure of carry traders might explain their high returns, but conventional models of risk do not work because traditional risk factors, used to price the stock market, do not price currency returns. Less traditional factors that are more successful in explaining currency returns, are, however, unsuccessful in explaining the returns to the stock market. More exotic models of "crisis risk" are another possibility, but I show that any time-variation in the exposure of the carry trade to market risk has been insufficient, in sample, to explain the average returns earned by carry traders. Instead, peso events remain a candidate explanation of the returns to the carry trade.
=530  \\$aAlso available via the Internet.
=540  \\$aBritish Library not licensed to copy$c0$5Uk
=710  2\$aNational Bureau of Economic Research.
=830  \0$aWorking paper series (National Bureau of Economic Research) ;$vworking paper no. 17278.
=852  49$aBritish Library$bDSC$j6067.719500
=856  \\$3Volltext$uhttp://www.nber.org/papers/w17278$zDownload (PDF) via World Wide Web für Universität St. Gallen
=ACF  \\$aBritish Library not licensed to copy$c0$e01-apr-2013$hC$iCFP Excluded$5Uk
=ACF  \\$aBritish Library not licensed to copy$c0$e01-oct-2013$hC$iCFP Excluded$5Uk
=CAT  \\$a9504$b40$c20110906$lBLL01$h1353
=CAT  \\$a11250$b40$c20110908$lBLL01$h1134
=CAT  \\$aBATCH-UPD$b40$c20120823$lBLL01$h2150
=CAT  \\$aBATCH-CLA$b00$c20130429$lBLL01$h0154
=CAT  \\$aBATCH-CLA$b00$c20130508$lBLL01$h0739
=CAT  \\$aBATCH-CLA$b00$c20130630$lBLL01$h1631
=CAT  \\$aIPL-CLA$c20130701$lBLL01$h0146
=CAT  \\$aBATCH-CLA$b00$c20130929$lBLL01$h1620
=CAT  \\$aIPL-CLA$c20130930$lBLL01$h1812
=CAT  \\$aBATCH-CLA$b00$c20131202$lBLL01$h0338
=CAT  \\$aIPL-CLA$c20140101$lBLL01$h0150
=CAT  \\$aBATCH-CLA$b00$c20140327$lBLL01$h1830
=CAT  \\$aIPL-CLA$c20140331$lBLL01$h1639
=CAT  \\$aBATCH-UPD$b00$c20170210$lBLL01$h1123
=CFI  0\$aBritish Library not licensed to copy$c0$e01-apr-2014$hC$iCFP Excluded$5Uk
=CFI  2\$aBritish Library not licensed to copy$c0$e01-jan-2014$hC$iCFP Excluded$5Uk
=FIN  \\$aY$d20110908
=FMT  \\$a  BK
=LAS  \\$aBATCH-UPD$b00$c20170210$lBLL01$h1123
=SID  \\$aZ39$bOCLC
=TCO  \\$aTRS$bCCC$c008

