=LDR  03131 am a22005897a 4500
=001  015883967
=003  Uk
=005  20110908113522.0
=007  cr\||u||||||||
=008  110808s2011\\\\maua\\\\\b\\\|0|0\0|eng\d
=035  \\$a(OCoLC)745959371
=040  \\$aSzZUIDS$bger$cCHVBK$dUk
=100  1\$aGrubb, Farley.
=245  14$aThe Continental Dollar :$binitial design, ideal performance, and the credibility of congressional commitment /$cFarley Grubb.
=260  \\$aCambridge, Mass :$bNational Bureau of Economic Research,$c2011.
=300  \\$a29 p. :$bill. ;$c22 cm.
=336  \\$atext$2rdacontent
=337  \\$acomputer$2rdamedia
=338  \\$aonline resource$2rdacarrier
=490  1\$aNBER working paper series ;$v17276
=504  \\$aIncludes bibliographical references.
=520  \\$aAn alternative history of the Continental Dollar is constructed from the original resolutions passed by Congress. The Continental Dollar was a zero-interest bearer bond, not a fiat currency. The public could redeem it at face value in specie at fixed future dates. Being a zero-interest bearer bond, discounting must be separated from depreciation. Before 1779 there was no depreciation, only discounting. In 1779 and again in 1780 Congress passed ex post facto laws which altered the redemption dates of past Continental Dollars in ways that were not fiscally credible. These laws were the turning point. Depreciation and collapse followed.
=530  \\$aAlso available via the Internet.
=540  \\$aBritish Library not licensed to copy$c0$5Uk
=710  2\$aNational Bureau of Economic Research.
=830  \0$aWorking paper series (National Bureau of Economic Research) ;$vworking paper no. 17276.
=852  49$aBritish Library$bDSC$j6067.719500
=856  \\$3Volltext$uhttp://www.nber.org/papers/w17276$zDownload (PDF) via World Wide Web für Universität St. Gallen
=ACF  \\$aBritish Library not licensed to copy$c0$e01-apr-2013$hC$iCFP Excluded$5Uk
=ACF  \\$aBritish Library not licensed to copy$c0$e01-oct-2013$hC$iCFP Excluded$5Uk
=CAT  \\$a9504$b40$c20110906$lBLL01$h1401
=CAT  \\$a11250$b40$c20110908$lBLL01$h1128
=CAT  \\$a11250$b40$c20110908$lBLL01$h1135
=CAT  \\$aBATCH-UPD$b40$c20120823$lBLL01$h2150
=CAT  \\$aBATCH-CLA$b00$c20130429$lBLL01$h0154
=CAT  \\$aBATCH-CLA$b00$c20130508$lBLL01$h0739
=CAT  \\$aBATCH-CLA$b00$c20130630$lBLL01$h1631
=CAT  \\$aIPL-CLA$c20130701$lBLL01$h0146
=CAT  \\$aBATCH-CLA$b00$c20130929$lBLL01$h1620
=CAT  \\$aIPL-CLA$c20130930$lBLL01$h1812
=CAT  \\$aBATCH-CLA$b00$c20131202$lBLL01$h0338
=CAT  \\$aIPL-CLA$c20140101$lBLL01$h0150
=CAT  \\$aBATCH-CLA$b00$c20140327$lBLL01$h1830
=CAT  \\$aIPL-CLA$c20140331$lBLL01$h1639
=CAT  \\$aBATCH-UPD$b00$c20170210$lBLL01$h1141
=CFI  0\$aBritish Library not licensed to copy$c0$e01-apr-2014$hC$iCFP Excluded$5Uk
=CFI  2\$aBritish Library not licensed to copy$c0$e01-jan-2014$hC$iCFP Excluded$5Uk
=FIN  \\$aY$d20110908
=FMT  \\$a  BK
=LAS  \\$aBATCH-UPD$b00$c20170210$lBLL01$h1141
=SID  \\$aZ39$bOCLC
=TCO  \\$aTRS$bCCC$c008

