=LDR  03494 am a22005897a 4500
=001  015901036
=003  Uk
=005  20120210105811.0
=007  cr\||u||||||||
=008  110822s2011\\\\mau\\\\\\b\\\|0|0\0|eng\d
=035  \\$a(OCoLC)747526789
=040  \\$aSzZUIDS$bger$cCHVBK$dUk
=100  1\$aAfendulis, Christopher C.$q(Christopher Constantine)
=245  10$aVertical integration and optimal reimbursement policy /$cChristopher Afendulis, Daniel Kessler.
=260  \\$aCambridge, Mass :$bNational Bureau of Economic Research,$c2011.
=300  \\$a26 p. ;$c21 cm.
=336  \\$atext$2rdacontent
=337  \\$acomputer$2rdamedia
=338  \\$aonline resource$2rdacarrier
=490  1\$aNBER working paper series ;$vworking paper 17316
=504  \\$aIncludes bibliographical references.
=520  \\$aHealth care providers may vertically integrate not only to facilitate coordination of care, but also for strategic reasons that may not be in patients' best interests. Optimal Medicare reimbursement policy depends upon the extent to which each of these explanations is correct. To investigate, we compare the consequences of the 1997 adoption of prospective payment for skilled nursing facilities (SNF PPS) in geographic areas with high versus low levels of hospital/SNF integration. We find that SNF PPS decreased spending more in high integration areas, with no measurable consequences for patient health outcomes. Our findings suggest that subjecting integrated providers to higher-powered reimbursement incentives, i.e., less cost-sharing, may enhance medical productivity. More generally, we conclude that it may be efficient for purchasers of health services (and other services subject to agency problems) to consider the organizational form of their suppliers when choosing a reimbursement mechanism.
=530  \\$aAlso available via the Internet.
=540  \\$aBritish Library not licensed to copy$c0$5Uk
=700  1\$aKessler, Daniel P.
=710  2\$aNational Bureau of Economic Research.
=830  \0$aWorking paper series (National Bureau of Economic Research) ;$vworking paper no. 17316.
=852  49$aBritish Library$bDSC$j6067.719500
=856  \\$3Volltext$uhttp://www.nber.org/papers/w17316$zDownload (PDF) via World Wide Web für Universität St. Gallen
=ACF  \\$aBritish Library not licensed to copy$c0$e01-apr-2013$hC$iCFP Excluded$5Uk
=ACF  \\$aBritish Library not licensed to copy$c0$e01-oct-2013$hC$iCFP Excluded$5Uk
=CAT  \\$a7164$b40$c20110929$lBLL01$h1016
=CAT  \\$a11250$b40$c20120210$lBLL01$h1050
=CAT  \\$a11250$b40$c20120210$lBLL01$h1058
=CAT  \\$aBATCH-CLA$b00$c20130429$lBLL01$h0154
=CAT  \\$aBATCH-CLA$b00$c20130508$lBLL01$h0739
=CAT  \\$aBATCH-CLA$b00$c20130630$lBLL01$h1631
=CAT  \\$aIPL-CLA$c20130701$lBLL01$h0147
=CAT  \\$aBATCH-CLA$b00$c20130929$lBLL01$h1620
=CAT  \\$aIPL-CLA$c20130930$lBLL01$h1812
=CAT  \\$aBATCH-CLA$b00$c20131202$lBLL01$h0339
=CAT  \\$aIPL-CLA$c20140101$lBLL01$h0151
=CAT  \\$aBATCH-CLA$b00$c20140327$lBLL01$h1831
=CAT  \\$aIPL-CLA$c20140331$lBLL01$h1640
=CAT  \\$aBATCH-UPD$b00$c20170210$lBLL01$h1152
=CFI  0\$aBritish Library not licensed to copy$c0$e01-apr-2014$hC$iCFP Excluded$5Uk
=CFI  2\$aBritish Library not licensed to copy$c0$e01-jan-2014$hC$iCFP Excluded$5Uk
=FIN  \\$aY$d20120210
=FMT  \\$a  BK
=LAS  \\$aBATCH-UPD$b00$c20170210$lBLL01$h1152
=SID  \\$aZ39$bOCLC
=TCO  \\$aTRS$bCCC$c008

