=LDR  03476 am a22005777a 4500
=001  015901043
=003  Uk
=005  20120210105946.0
=007  cr\||u||||||||
=008  110822s2011\\\\maua\\\\\b\\\|0|0\0|eng\d
=035  \\$a(OCoLC)747526785
=040  \\$aSzZUIDS$bger$cCHVBK$dUk
=100  1\$aKhan, Aubhik.
=245  10$aCredit shocks and aggregate fluctuations in an economy with production heterogeneity /$cAubhik Khan, Julia K. Thomas.
=260  \\$aCambridge, Mass :$bNational Bureau of Economic Research,$c2011.
=300  \\$a46, [18] p. :$bill. ;$c21 cm.
=336  \\$atext$2rdacontent
=337  \\$acomputer$2rdamedia
=338  \\$aonline resource$2rdacarrier
=490  1\$aNBER working paper series ;$vworking paper 17311
=504  \\$aIncludes bibliographical references.
=520  \\$aWe study the cyclical implications of credit market imperfections in a calibrated dynamic, stochastic general equilibrium model wherein firms face persistent shocks to aggregate and individual productivity. In our model economy, optimal capital reallocation is distorted by two frictions: collateralized borrowing and partial capital irreversibility yielding (S,s) firm-level investment policies. In the presence of persistent heterogeneity in capital, debt and total factor productivity, the effects of a financial shock are amplified and propagated through large and long-lived disruptions to the distribution of capital that, in turn, imply large and persistent reductions in aggregate total factor productivity. We find that an unanticipated tightening in borrowing conditions can, on its own, generate a large recession far more persistent than the financial shock itself. This recession, and the subsequent recovery, is distinguished both quantitatively and qualitatively from that driven by exogenous shocks to total factor productivity.
=530  \\$aAlso available via the Internet.
=540  \\$aBritish Library not licensed to copy$c0$5Uk
=700  1\$aThomas, Julia K.
=710  2\$aNational Bureau of Economic Research.
=830  \0$aWorking paper series (National Bureau of Economic Research) ;$vworking paper no. 17311.
=852  49$aBritish Library$bDSC$j6067.719500
=856  \\$3Volltext$uhttp://www.nber.org/papers/w17311$zDownload (PDF) via World Wide Web für Universität St. Gallen
=ACF  \\$aBritish Library not licensed to copy$c0$e01-apr-2013$hC$iCFP Excluded$5Uk
=ACF  \\$aBritish Library not licensed to copy$c0$e01-oct-2013$hC$iCFP Excluded$5Uk
=CAT  \\$a7164$b40$c20110929$lBLL01$h1025
=CAT  \\$a11250$b40$c20120210$lBLL01$h1059
=CAT  \\$aBATCH-CLA$b00$c20130429$lBLL01$h0154
=CAT  \\$aBATCH-CLA$b00$c20130508$lBLL01$h0739
=CAT  \\$aBATCH-CLA$b00$c20130630$lBLL01$h1631
=CAT  \\$aIPL-CLA$c20130701$lBLL01$h0147
=CAT  \\$aBATCH-CLA$b00$c20130929$lBLL01$h1620
=CAT  \\$aIPL-CLA$c20130930$lBLL01$h1812
=CAT  \\$aBATCH-CLA$b00$c20131202$lBLL01$h0339
=CAT  \\$aIPL-CLA$c20140101$lBLL01$h0151
=CAT  \\$aBATCH-CLA$b00$c20140327$lBLL01$h1831
=CAT  \\$aIPL-CLA$c20140331$lBLL01$h1640
=CAT  \\$aBATCH-UPD$b00$c20170210$lBLL01$h1150
=CFI  0\$aBritish Library not licensed to copy$c0$e01-apr-2014$hC$iCFP Excluded$5Uk
=CFI  2\$aBritish Library not licensed to copy$c0$e01-jan-2014$hC$iCFP Excluded$5Uk
=FIN  \\$aY$d20120210
=FMT  \\$a  BK
=LAS  \\$aBATCH-UPD$b00$c20170210$lBLL01$h1150
=SID  \\$aZ39$bOCLC
=TCO  \\$aTRS$bCCC$c008

