=LDR  03320 am a22005897a 4500
=001  015901045
=003  Uk
=005  20120210110810.0
=007  cr\||u||||||||
=008  110822s2011\\\\maua\\\\\b\\\|0|0\0|eng\d
=035  \\$a(OCoLC)747526776
=040  \\$aSzZUIDS$bger$cCHVBK$dUk
=100  1\$aAvery, Christopher.
=245  15$aThe "CAPS" prediction system and stock market returns /$cChristopher Avery, Judith A. Chevalier, Richard J. Zeckhauser.
=260  \\$aCambridge, Mass :$bNational Bureau of Economic Research,$c2011.
=300  \\$a28 p. :$bill. ;$c21 cm.
=336  \\$atext$2rdacontent
=337  \\$acomputer$2rdamedia
=338  \\$aonline resource$2rdacarrier
=490  1\$aNBER working paper series ;$vworking paper 17298
=504  \\$aIncludes bibliographical references.
=520  \\$aWe study the predictive power of approximately 2.5 million stock picks submitted by individual users to the "CAPS" website run by the Motley Fool company (www.caps.fool.com). These picks prove to be surprisingly informative about future stock prices. Indeed, a strategy of shorting stocks with a disproportionate number of negative picks on the site and buying stocks with a disproportionate number of positive picks produces a return of over nine percent per annum over the sample period. These results are mostly driven by the fact that negative picks on the site strongly predict future stock price declines; positive picks on the site produce returns that are statistically indistinguishable from the market. A Fama French decomposition suggests that these results are largely due to stock-picking rather than style factors or market timing.
=530  \\$aAlso available via the Internet.
=540  \\$aBritish Library not licensed to copy$c0$5Uk
=700  1\$aChevalier, Judith A.
=700  1\$aZeckhauser, Richard.
=710  2\$aNational Bureau of Economic Research.
=830  \0$aWorking paper series (National Bureau of Economic Research) ;$vworking paper no. 17298.
=852  49$aBritish Library$bDSC$j6067.719500
=856  \\$3Volltext$uhttp://www.nber.org/papers/w17298$zDownload (PDF) via World Wide Web für Universität St. Gallen
=ACF  \\$aBritish Library not licensed to copy$c0$e01-apr-2013$hC$iCFP Excluded$5Uk
=ACF  \\$aBritish Library not licensed to copy$c0$e01-oct-2013$hC$iCFP Excluded$5Uk
=CAT  \\$a7164$b40$c20110929$lBLL01$h1027
=CAT  \\$a11250$b40$c20120210$lBLL01$h1108
=CAT  \\$aBATCH-CLA$b00$c20130429$lBLL01$h0154
=CAT  \\$aBATCH-CLA$b00$c20130508$lBLL01$h0739
=CAT  \\$aBATCH-CLA$b00$c20130630$lBLL01$h1631
=CAT  \\$aIPL-CLA$c20130701$lBLL01$h0147
=CAT  \\$aBATCH-CLA$b00$c20130929$lBLL01$h1620
=CAT  \\$aIPL-CLA$c20130930$lBLL01$h1812
=CAT  \\$aBATCH-CLA$b00$c20131202$lBLL01$h0339
=CAT  \\$aIPL-CLA$c20140101$lBLL01$h0151
=CAT  \\$aBATCH-CLA$b00$c20140327$lBLL01$h1831
=CAT  \\$aIPL-CLA$c20140331$lBLL01$h1640
=CAT  \\$aBATCH-UPD$b00$c20170210$lBLL01$h1146
=CFI  0\$aBritish Library not licensed to copy$c0$e01-apr-2014$hC$iCFP Excluded$5Uk
=CFI  2\$aBritish Library not licensed to copy$c0$e01-jan-2014$hC$iCFP Excluded$5Uk
=FIN  \\$aY$d20120210
=FMT  \\$a  BK
=LAS  \\$aBATCH-UPD$b00$c20170210$lBLL01$h1146
=SID  \\$aZ39$bOCLC
=TCO  \\$aTRS$bCCC$c008

