=LDR  03487 am a22005897a 4500
=001  015968259
=003  Uk
=005  20111117091056.0
=007  cr\||u||||||||
=008  110919s2011\\\\maua\\\\\b\\\|0|0\0|eng\d
=035  \\$a(OCoLC)753615677
=040  \\$aSzZUIDS$bger$cCHVBK$dUk
=100  1\$aKeane, Michael P.
=245  10$aReconciling micro and macro labor supply elasticities :$ba structural perspective /$cMichael P. Keane, Richard Rogerson.
=260  \\$aCambridge, Mass :$bNational Bureau of Economic Research,$c2011.
=300  \\$a113 p. :$bill. ;$c22 cm.
=336  \\$atext$2rdacontent
=337  \\$acomputer$2rdamedia
=338  \\$aonline resource$2rdacarrier
=490  1\$aNBER working paper series ;$v17430
=504  \\$aIncludes bibliographical references.
=520  \\$aThe response of aggregate labor supply to various changes in the economic environment is central to many economic issues, especially the optimal design of tax policies. This paper surveys recent work that uses structural models and micro data to evaluate the size of this response. Whereas the earlier literature on this issue often concluded that aggregate labor supply elasticities were small, recent work has identified three key reasons that the aggregate elasticity may be quite large. First, earlier estimates abstracted from several key features, including human capital accumulation, leading to estimates that are dramatically negatively biased. Second, failure to understand that aggregate labor supply adjustments can occur along both the hours per worker and employment margins has led economists to misinterpret the implications of previous estimates for aggregate labor supply. Third, structural estimation of responses along the extensive (i.e., employment) margin are typically quite large.
=530  \\$aAlso available via the Internet.
=540  \\$aBritish Library not licensed to copy$c0$5Uk
=700  1\$aRogerson, Richard Donald.
=710  2\$aNational Bureau of Economic Research.
=830  \0$aWorking paper series (National Bureau of Economic Research) ;$vworking paper no. 17430.
=852  49$aBritish Library$bDSC$j6067.719500
=856  \\$3Volltext$uhttp://www.nber.org/papers/w17430$zDownload (PDF) via World Wide Web für Universität St. Gallen
=ACF  \\$aBritish Library not licensed to copy$c0$e01-apr-2013$hC$iCFP Excluded$5Uk
=ACF  \\$aBritish Library not licensed to copy$c0$e01-oct-2013$hC$iCFP Excluded$5Uk
=CAT  \\$a9504$b40$c20111114$lBLL01$h1553
=CAT  \\$a11250$b40$c20111117$lBLL01$h0910
=CAT  \\$aBATCH-CLA$b00$c20130429$lBLL01$h0154
=CAT  \\$aBATCH-CLA$b00$c20130508$lBLL01$h0739
=CAT  \\$aBATCH-CLA$b00$c20130630$lBLL01$h1631
=CAT  \\$aIPL-CLA$c20130701$lBLL01$h0148
=CAT  \\$aBATCH-CLA$b00$c20130929$lBLL01$h1620
=CAT  \\$aIPL-CLA$c20130930$lBLL01$h1812
=CAT  \\$aBATCH-CLA$b00$c20131202$lBLL01$h0339
=CAT  \\$aIPL-CLA$c20140101$lBLL01$h0153
=CAT  \\$aBATCH-CLA$b00$c20140327$lBLL01$h1831
=CAT  \\$aIPL-CLA$c20140331$lBLL01$h1640
=CAT  \\$aBATCH-UPD$b00$c20141125$lBLL01$h1544
=CAT  \\$aBATCH-UPD$b00$c20161209$lBLL01$h2036
=CFI  0\$aBritish Library not licensed to copy$c0$e01-apr-2014$hC$iCFP Excluded$5Uk
=CFI  2\$aBritish Library not licensed to copy$c0$e01-jan-2014$hC$iCFP Excluded$5Uk
=FIN  \\$aY$d20111117
=FMT  \\$a  BK
=LAS  \\$aBATCH-UPD$b00$c20161209$lBLL01$h2036
=SID  \\$aZ39$bOCLC
=TCO  \\$aTRS$bCCC$c008

