=LDR  03578 am a22005897a 4500
=001  015968265
=003  Uk
=005  20111117085920.0
=007  cr\||u||||||||
=008  110815s2011\\\\maua\\\\\b\\\|0|0\0|eng\d
=035  \\$a(OCoLC)746833192
=040  \\$aSzZUIDS$bger$cCHVBK$dUk
=100  10$aLiebman, Jeffrey B.
=245  10$aWould people behave differently if they better understood social security? :$bevidence from a field experiment /$cJeffrey B. Liebman, Erzo F.P. Luttmer.
=260  \\$aCambridge, Mass :$bNational Bureau of Economic Research,$c2011.
=300  \\$a1 v. (various pagings) :$bill. ;$c22 cm.
=336  \\$atext$2rdacontent
=337  \\$acomputer$2rdamedia
=338  \\$aonline resource$2rdacarrier
=490  1\$aNBER working paper series ;$v17287
=504  \\$aIncludes bibliographical references.
=520  \\$aThis paper presents the results of a field experiment in which a sample of older workers was randomized between a treatment group that was given information about key Social Security provisions and a control group that was not. The experiment was designed to examine whether it is possible to affect individual behavior using a relatively inexpensive informational intervention about the provisions of a public program and to explore the mechanisms underlying the behavior change. We find that our relatively mild intervention (sending an informational brochure and an invitation to a web-tutorial) increased labor force participation one year later by 4 percentage points relative to the control group mean of 74 percent and that this effect is driven by a 7.2 percentage point increase among female subjects. The information intervention increased the perceived returns to working longer, especially among female respondents, which suggests that the behavioral response can be attributed at least in part to updated information about Social Security.
=530  \\$aAlso available via the Internet.
=540  \\$aBritish Library not licensed to copy$c0$5Uk
=700  1\$aLuttmer, Erzo F. P.
=710  2\$aNational Bureau of Economic Research.
=830  \0$aWorking paper series (National Bureau of Economic Research) ;$vworking paper no. 17287.
=852  49$aBritish Library$bDSC$j6067.719500
=856  \\$3Volltext$uhttp://www.nber.org/papers/w17287$zDownload (PDF) via World Wide Web für Universität St. Gallen
=ACF  \\$aBritish Library not licensed to copy$c0$e01-apr-2013$hC$iCFP Excluded$5Uk
=ACF  \\$aBritish Library not licensed to copy$c0$e01-oct-2013$hC$iCFP Excluded$5Uk
=CAT  \\$a9504$b40$c20111114$lBLL01$h1555
=CAT  \\$a11250$b40$c20111117$lBLL01$h0859
=CAT  \\$aBATCH-CLA$b00$c20130429$lBLL01$h0154
=CAT  \\$aBATCH-CLA$b00$c20130508$lBLL01$h0739
=CAT  \\$aBATCH-CLA$b00$c20130630$lBLL01$h1631
=CAT  \\$aIPL-CLA$c20130701$lBLL01$h0148
=CAT  \\$aBATCH-CLA$b00$c20130929$lBLL01$h1620
=CAT  \\$aIPL-CLA$c20130930$lBLL01$h1812
=CAT  \\$aBATCH-CLA$b00$c20131202$lBLL01$h0339
=CAT  \\$aIPL-CLA$c20140101$lBLL01$h0153
=CAT  \\$aBATCH-CLA$b00$c20140327$lBLL01$h1831
=CAT  \\$aIPL-CLA$c20140331$lBLL01$h1640
=CAT  \\$aBATCH-UPD$b00$c20141125$lBLL01$h1558
=CAT  \\$aBATCH-UPD$b00$c20170210$lBLL01$h1139
=CFI  0\$aBritish Library not licensed to copy$c0$e01-apr-2014$hC$iCFP Excluded$5Uk
=CFI  2\$aBritish Library not licensed to copy$c0$e01-jan-2014$hC$iCFP Excluded$5Uk
=FIN  \\$aY$d20111117
=FMT  \\$a  BK
=LAS  \\$aBATCH-UPD$b00$c20170210$lBLL01$h1139
=SID  \\$aZ39$bOCLC
=TCO  \\$aTRS$bCCC$c008

