=LDR  03213 am a22005777a 4500
=001  015968543
=003  Uk
=005  20111117085331.0
=007  cr\||u||||||||
=008  110926s2011\\\\maua\\\\\b\\\|0|0\0|eng\d
=035  \\$a(OCoLC)754705574
=040  \\$aSzZUIDS$bger$cCHVBK$dUk
=100  1\$aKuhn, Peter Joseph.
=245  10$aGender discrimination in job ads :$btheory and evidence /$cPeter J. Kuhn, Kailing Shen.
=260  \\$aCambridge, Mass :$bNational Bureau of Economic Research,$c2011.
=300  \\$a45 p. :$bill. ;$c22 cm.
=336  \\$atext$2rdacontent
=337  \\$acomputer$2rdamedia
=338  \\$aonline resource$2rdacarrier
=490  1\$aNBER working paper series ;$v17453
=504  \\$aIncludes bibliographical references.
=520  \\$aWe study firms' advertised gender preferences in a population of ads on a Chinese internet job board, and interpret these patterns using a simple employer search model. The model allows us to distinguish firms' underlying gender preferences from firms' propensities to restrict their search to their preferred gender. The model also predicts that higher job skill requirements should reduce the tendency to gender-target a job ad; this is strongly confirmed in our data, and suggests that rising skill demands may be a potent deterrent to explicit discrimination of the type we document here. We also find that firms' underlying gender preferences are highly job-specific, with many firms requesting men for some jobs and women for others, and with one third of the variation in gender preferences within firm*occupation cells.
=530  \\$aAlso available via the Internet.
=540  \\$aBritish Library not licensed to copy$c0$5Uk
=700  1\$aShen, Kailing.
=710  2\$aNational Bureau of Economic Research.
=830  \0$aWorking paper series (National Bureau of Economic Research) ;$vworking paper no. 17453.
=852  49$aBritish Library$bDSC$j6067.719500
=856  \\$3Volltext$uhttp://www.nber.org/papers/w17453$zDownload (PDF) via World Wide Web für Universität St. Gallen
=ACF  \\$aBritish Library not licensed to copy$c0$e01-apr-2013$hC$iCFP Excluded$5Uk
=ACF  \\$aBritish Library not licensed to copy$c0$e01-oct-2013$hC$iCFP Excluded$5Uk
=CAT  \\$a9504$b40$c20111115$lBLL01$h1054
=CAT  \\$a11250$b40$c20111117$lBLL01$h0853
=CAT  \\$aBATCH-CLA$b00$c20130429$lBLL01$h0154
=CAT  \\$aBATCH-CLA$b00$c20130508$lBLL01$h0739
=CAT  \\$aBATCH-CLA$b00$c20130630$lBLL01$h1631
=CAT  \\$aIPL-CLA$c20130701$lBLL01$h0148
=CAT  \\$aBATCH-CLA$b00$c20130929$lBLL01$h1620
=CAT  \\$aIPL-CLA$c20130930$lBLL01$h1812
=CAT  \\$aBATCH-CLA$b00$c20131202$lBLL01$h0339
=CAT  \\$aIPL-CLA$c20140101$lBLL01$h0153
=CAT  \\$aBATCH-CLA$b00$c20140327$lBLL01$h1831
=CAT  \\$aIPL-CLA$c20140331$lBLL01$h1640
=CAT  \\$aBATCH-UPD$b00$c20170210$lBLL01$h1141
=CFI  0\$aBritish Library not licensed to copy$c0$e01-apr-2014$hC$iCFP Excluded$5Uk
=CFI  2\$aBritish Library not licensed to copy$c0$e01-jan-2014$hC$iCFP Excluded$5Uk
=FIN  \\$aY$d20111117
=FMT  \\$a  BK
=LAS  \\$aBATCH-UPD$b00$c20170210$lBLL01$h1141
=SID  \\$aZ39$bOCLC
=TCO  \\$aTRS$bCCC$c008

