=LDR  02862 am a22004937a 4500
=001  015970801
=003  Uk
=005  20111116104925.0
=007  cr\||u||||||||
=008  110905s2011\\\\mau\\\\\\\\\\\000\0\eng\d
=035  \\$a(OCoLC)752082230
=040  \\$aSzZUIDS$bger$cCHVBK
=100  1\$aNakamura, Emi.
=245  10$aFiscal Stimulus in a Monetary Union :$bEvidence from U.S. Regions /$cEmi Nakamura, Jón Steinsson.
=260  \\$aCambridge, Mass :$bNational Bureau of Economic Research,$c2011.
=336  \\$atext$2rdacontent
=337  \\$acomputer$2rdamedia
=338  \\$aonline resource$2rdacarrier
=490  0\$aNBER working paper series ;$v17391
=520  \\$aWe use rich historical data on military procurement spending across U.S. regions to estimate the effects of government spending in a monetary union. Aggregate military build-ups and draw-downs have differential effects across regions. We use this variation to estimate an "open economy relative multiplier'' of approximately 1.5. We develop a framework for interpreting this estimate and relating it to estimates of the standard closed economy aggregate multiplier. The closed economy aggregate multiplier is highly sensitive to how strongly aggregate monetary and tax policy "leans against the wind.'' In contrast, our estimate "differences out'' these effects because different regions in the union share a common monetary and tax policy. Our estimate provides evidence in favor of models in which demand shocks can have large effects on output.
=540  \\$aBritish Library not licensed to copy$c0$5Uk
=700  1\$aSteinsson, Jón.
=852  49$aBritish Library$bDSC$j6067.719500
=856  \\$3Volltext$uhttp://www.nber.org/papers/w17391$zDownload (PDF) via World Wide Web für Universität St. Gallen
=ACF  \\$aBritish Library not licensed to copy$c0$e01-apr-2013$hC$iCFP Excluded$5Uk
=ACF  \\$aBritish Library not licensed to copy$c0$e01-oct-2013$hC$iCFP Excluded$5Uk
=CAT  \\$a7164$b40$c20111116$lBLL01$h1049
=CAT  \\$aBATCH-CLA$b00$c20130429$lBLL01$h0154
=CAT  \\$aBATCH-CLA$b00$c20130508$lBLL01$h0739
=CAT  \\$aBATCH-CLA$b00$c20130630$lBLL01$h1631
=CAT  \\$aIPL-CLA$c20130701$lBLL01$h0148
=CAT  \\$aBATCH-CLA$b00$c20130929$lBLL01$h1620
=CAT  \\$aIPL-CLA$c20130930$lBLL01$h1813
=CAT  \\$aBATCH-CLA$b00$c20131202$lBLL01$h0339
=CAT  \\$aIPL-CLA$c20140101$lBLL01$h0153
=CAT  \\$aBATCH-CLA$b00$c20140327$lBLL01$h1831
=CAT  \\$aIPL-CLA$c20140331$lBLL01$h1640
=CAT  \\$aBATCH-UPD$b00$c20170210$lBLL01$h1150
=CFI  0\$aBritish Library not licensed to copy$c0$e01-apr-2014$hC$iCFP Excluded$5Uk
=CFI  2\$aBritish Library not licensed to copy$c0$e01-jan-2014$hC$iCFP Excluded$5Uk
=FMT  \\$a  BK
=LAS  \\$aBATCH-UPD$b00$c20170210$lBLL01$h1150
=SID  \\$aZ39$bOCLC
=TCO  \\$aTRS$bCCC$c008

