=LDR  03010cam a22005057a 4500
=001  015970820
=003  Uk
=005  20221208010656.0
=007  cr\||u||||||||
=008  110905s2011\\\\mau\\\\\\\\\\\000\0\eng\d
=035  \\$a(OCoLC)752082235
=040  \\$aSzZUIDS$bger$cCHVBK
=100  1\$aRodrik, Dani.
=245  14$aThe Future of Economic Convergence /$cDani Rodrik.
=260  \\$aCambridge, Mass :$bNational Bureau of Economic Research,$c2011.
=336  \\$atext$2rdacontent
=337  \\$acomputer$2rdamedia
=338  \\$aonline resource$2rdacarrier
=490  0\$aNBER working paper series ;$v17400
=520  \\$aThe question addressed in this paper is whether the gap in performance between the developed and developing worlds can continue, and in particular, whether developing nations can sustain the rapid growth they have experienced of late. The good news is that growth in the developing world should depend not on growth in the advanced economies themselves, but on the difference in the productivity levels of the two groups of countries - on the "convergence gap" - which remains quite large. Yet much of this convergence potential is likely to go to waste. Convergence is anything but automatic, and depends on sustaining rapid structural change in the direction of tradables such as manufacturing and modern services. The policies that successful countries have used to achieve this are hard to emulate. Moreover, these policies - such as currency undervaluation and industrial policies - will meet greater resistance on the part of industrial countries struggling with stagnant economies and high unemployment.
=540  \\$aBritish Library not licensed to copy$c0$5Uk
=852  49$aBritish Library$bDSC$j6067.719500
=856  \\$3Volltext$uhttp://www.nber.org/papers/w17400$zDownload (PDF) via World Wide Web für Universität St. Gallen
=ACF  \\$aBritish Library not licensed to copy$c0$e01-apr-2013$hC$iCFP Excluded$5Uk
=ACF  \\$aBritish Library not licensed to copy$c0$e01-oct-2013$hC$iCFP Excluded$5Uk
=CAT  \\$a7164$b40$c20111116$lBLL01$h1101
=CAT  \\$aBATCH-CLA$b00$c20130429$lBLL01$h0154
=CAT  \\$aBATCH-CLA$b00$c20130508$lBLL01$h0739
=CAT  \\$aBATCH-CLA$b00$c20130630$lBLL01$h1631
=CAT  \\$aIPL-CLA$c20130701$lBLL01$h0148
=CAT  \\$aBATCH-CLA$b00$c20130929$lBLL01$h1620
=CAT  \\$aIPL-CLA$c20130930$lBLL01$h1813
=CAT  \\$aBATCH-CLA$b00$c20131202$lBLL01$h0339
=CAT  \\$aIPL-CLA$c20140101$lBLL01$h0153
=CAT  \\$aBATCH-CLA$b00$c20140327$lBLL01$h1831
=CAT  \\$aIPL-CLA$c20140331$lBLL01$h1640
=CAT  \\$aBATCH-UPD$b00$c20141125$lBLL01$h1543
=CAT  \\$aBATCH-UPD$b00$c20170210$lBLL01$h1150
=CAT  \\$aBATCH-UPD$b00$c20221207$lBLL01$h1026
=CAT  \\$aBATCH-CLA$b00$c20221208$lBLL01$h0106
=CFI  0\$aBritish Library not licensed to copy$c0$e01-apr-2014$hC$iCFP Excluded$5Uk
=FMT  \\$a  BK
=LAS  \\$aBATCH-CLA$b00$c20221208$lBLL01$h0106
=SID  \\$aZ39$bOCLC
=TCO  \\$aTRS$bCCC$c008

