=LDR  03210 am a22005057a 4500
=001  015970842
=003  Uk
=005  20111116111243.0
=007  cr\||u||||||||
=008  110912s2011\\\\mau\\\\\\\\\\\000\0\eng\d
=035  \\$a(OCoLC)752083571
=040  \\$aSzZUIDS$bger$cCHVBK
=100  1\$aNurnberg, Peter.
=245  10$aEducational "Goodwill" :$bMeasuring the Intangible Assets at Highly Selective Private Colleges and Universities /$cPeter Nurnberg, Morton Schapiro, David Zimmerman.
=260  \\$aCambridge, Mass :$bNational Bureau of Economic Research,$c2011.
=336  \\$atext$2rdacontent
=337  \\$acomputer$2rdamedia
=338  \\$aonline resource$2rdacarrier
=490  0\$aNBER working paper series ;$v17412
=520  \\$aIn this paper we utilize data on the head-to-head loss rate for students accepted at Williams College, but who opt to enroll elsewhere. For example, we employ data that measure the fraction of students admitted to Williams and to Amherst (or Harvard or Yale, etc.) but who opt to attend Amherst (or Harvard or Yale, etc.) instead of Williams. We then model this head-to-head loss rate using data from a variety of sources. A better understanding of the head-to-head loss rate can assist an institution in the competition for high quality students. Importantly, it can also shed light on the degree to which some part of the loss rate might be due to "intangible" differences between the schools being compared. These intangibles (positive or negative) might grant a school greater success (or failure) in the market for students than an objective accounting of its characteristics might suggest. Such an advantage (or disadvantage) is closely aligned with the business concept of "goodwill." We present preliminary evidence on how a quantitative measure of educational goodwill can be computed.
=540  \\$aBritish Library not licensed to copy$c0$5Uk
=700  1\$aSchapiro, Morton.
=700  1\$aZimmerman, David.
=852  49$aBritish Library$bDSC$j6067.719500
=856  \\$3Volltext$uhttp://www.nber.org/papers/w17412$zDownload (PDF) via World Wide Web für Universität St. Gallen
=ACF  \\$aBritish Library not licensed to copy$c0$e01-apr-2013$hC$iCFP Excluded$5Uk
=ACF  \\$aBritish Library not licensed to copy$c0$e01-oct-2013$hC$iCFP Excluded$5Uk
=CAT  \\$a7164$b40$c20111116$lBLL01$h1112
=CAT  \\$aBATCH-CLA$b00$c20130429$lBLL01$h0154
=CAT  \\$aBATCH-CLA$b00$c20130508$lBLL01$h0739
=CAT  \\$aBATCH-CLA$b00$c20130630$lBLL01$h1631
=CAT  \\$aIPL-CLA$c20130701$lBLL01$h0148
=CAT  \\$aBATCH-CLA$b00$c20130929$lBLL01$h1620
=CAT  \\$aIPL-CLA$c20130930$lBLL01$h1813
=CAT  \\$aBATCH-CLA$b00$c20131202$lBLL01$h0339
=CAT  \\$aIPL-CLA$c20140101$lBLL01$h0153
=CAT  \\$aBATCH-CLA$b00$c20140327$lBLL01$h1831
=CAT  \\$aIPL-CLA$c20140331$lBLL01$h1640
=CAT  \\$aBATCH-UPD$b00$c20170210$lBLL01$h1147
=CFI  0\$aBritish Library not licensed to copy$c0$e01-apr-2014$hC$iCFP Excluded$5Uk
=CFI  2\$aBritish Library not licensed to copy$c0$e01-jan-2014$hC$iCFP Excluded$5Uk
=FMT  \\$a  BK
=LAS  \\$aBATCH-UPD$b00$c20170210$lBLL01$h1147
=SID  \\$aZ39$bOCLC
=TCO  \\$aTRS$bCCC$c008

