=LDR  02998 am a22005057a 4500
=001  015970865
=003  Uk
=005  20111116112437.0
=007  cr\||u||||||||
=008  110919s2011\\\\mau\\\\\\\\\\\000\0\eng\d
=035  \\$a(OCoLC)753607229
=040  \\$aSzZUIDS$bger$cCHVBK
=100  10$aRichardson, Gary.
=245  10$aWhen the Music Stopped :$bTransatlantic Contagion During the Financial Crisis of 1931 /$cGary Richardson, Patrick Van Horn.
=260  \\$aCambridge, Mass :$bNational Bureau of Economic Research,$c2011.
=336  \\$atext$2rdacontent
=337  \\$acomputer$2rdamedia
=338  \\$aonline resource$2rdacarrier
=490  0\$aNBER working paper series ;$v17437
=520  \\$aIn 1931, a financial crisis began in Austria, struck numerous European nations, forced Britain to abandon the gold standard, and spread across the Atlantic. This article describes how banks in New York City, the central money market of the United States, reacted to events in Europe. An array of data sources - including memos detailing private conversations between leading bankers the governors of the New York Federal Reserve, articles written by prominent commentators, and financial data drawn from the balance sheets of commercial banks - tell a consistent tale. Banks in New York anticipated events in Europe, prepared for them by accumulating substantial reserves, and during the crisis, continued business as usual. Leading international bankers deliberately and collectively decided on the business-as-usual policy in order to minimize the impact of the panic in the United States and Europe.
=540  \\$aBritish Library not licensed to copy$c0$5Uk
=700  1\$aHorn, Patrick Van.
=852  49$aBritish Library$bDSC$j6067.719500
=856  \\$3Volltext$uhttp://www.nber.org/papers/w17437$zDownload (PDF) via World Wide Web für Universität St. Gallen
=ACF  \\$aBritish Library not licensed to copy$c0$e01-apr-2013$hC$iCFP Excluded$5Uk
=ACF  \\$aBritish Library not licensed to copy$c0$e01-oct-2013$hC$iCFP Excluded$5Uk
=CAT  \\$a7164$b40$c20111116$lBLL01$h1124
=CAT  \\$aBATCH-CLA$b00$c20130429$lBLL01$h0154
=CAT  \\$aBATCH-CLA$b00$c20130508$lBLL01$h0739
=CAT  \\$aBATCH-CLA$b00$c20130630$lBLL01$h1631
=CAT  \\$aIPL-CLA$c20130701$lBLL01$h0148
=CAT  \\$aBATCH-CLA$b00$c20130929$lBLL01$h1620
=CAT  \\$aIPL-CLA$c20130930$lBLL01$h1813
=CAT  \\$aBATCH-CLA$b00$c20131202$lBLL01$h0339
=CAT  \\$aIPL-CLA$c20140101$lBLL01$h0153
=CAT  \\$aBATCH-CLA$b00$c20140327$lBLL01$h1831
=CAT  \\$aIPL-CLA$c20140331$lBLL01$h1640
=CAT  \\$aBATCH-UPD$b00$c20141125$lBLL01$h1543
=CAT  \\$aBATCH-UPD$b00$c20170210$lBLL01$h1150
=CFI  0\$aBritish Library not licensed to copy$c0$e01-apr-2014$hC$iCFP Excluded$5Uk
=CFI  2\$aBritish Library not licensed to copy$c0$e01-jan-2014$hC$iCFP Excluded$5Uk
=FMT  \\$a  BK
=LAS  \\$aBATCH-UPD$b00$c20170210$lBLL01$h1150
=SID  \\$aZ39$bOCLC
=TCO  \\$aTRS$bCCC$c008

