=LDR  04039 am a22005897a 4500
=001  015971142
=003  Uk
=005  20111122120041.0
=007  cr\||u||||||||
=008  110801s2011\\\\maua\\\\\b\\\|0|0\0|eng\d
=035  \\$a(OCoLC)744260598
=040  \\$aSzZUIDS$bger$cCHVBK$dUk
=100  1\$aAbdulkadiroǧlu, Atila,$d1971-
=245  14$aThe elite illusion :$bachievement effects at Boston and New York exam schools /$cAtila Abdulkadiroglu, Joshua D. Angrist, Parag A. Pathak.
=260  \\$aCambridge, Mass :$bNational Bureau of Economic Research,$c2011.
=300  \\$a80 p. :$bill. ;$c22 cm.
=336  \\$atext$2rdacontent
=337  \\$acomputer$2rdamedia
=338  \\$aonline resource$2rdacarrier
=490  1\$aNBER working paper series ;$vworking paper 17264
=504  \\$aIncludes bibliographical references.
=520  \\$aTalented students compete fiercely for seats at Boston and New York exam schools. These schools are characterized by high levels of peer achievement and a demanding curriculum tailored to each district's highest achievers. While exam school students clearly do very well in school, the question of whether an exam school education adds value relative to a regular public education remains open. We estimate the causal effect of exam school attendance using a regression-discontinuity design, reporting both parametric and non-parametric estimates. We also develop a procedure that addresses the potential for confounding in regression-discontinuity designs with multiple, closely-spaced admissions cutoffs. The outcomes studied here include scores on state standardized achievement tests, PSAT and SAT participation and scores, and AP scores. Our estimates show little effect of exam school offers on most students' achievement in most grades. We use two-stage least squares to convert reduced form estimates of the effects of exam school offers into estimates of peer and tracking effects, arguing that these appear to be unimportant in this context. On the other hand, a Boston exam school education seems to have a modest effect on high school English scores for minority applicants. A small group of 9th grade applicants also appears to do better on SAT Reasoning. These localized gains notwithstanding, the intense competition for exam school seats does not appear to be justified by improved learning for a broad set of students.
=530  \\$aAlso available via the Internet.
=540  \\$aBritish Library not licensed to copy$c0$5Uk
=700  1\$aAngrist, Joshua David.
=700  1\$aPathak, Parag A.
=710  2\$aNational Bureau of Economic Research.
=830  \0$aWorking paper series (National Bureau of Economic Research) ;$vworking paper no. 17264.
=852  49$aBritish Library$bDSC$j6067.719500
=856  \\$3Volltext$uhttp://www.nber.org/papers/w17264$zDownload (PDF) via World Wide Web für Universität St. Gallen
=ACF  \\$aBritish Library not licensed to copy$c0$e01-apr-2013$hC$iCFP Excluded$5Uk
=ACF  \\$aBritish Library not licensed to copy$c0$e01-oct-2013$hC$iCFP Excluded$5Uk
=CAT  \\$a9504$b40$c20111116$lBLL01$h1425
=CAT  \\$a11250$b40$c20111122$lBLL01$h1200
=CAT  \\$aBATCH-CLA$b00$c20130429$lBLL01$h0154
=CAT  \\$aBATCH-CLA$b00$c20130508$lBLL01$h0739
=CAT  \\$aBATCH-CLA$b00$c20130630$lBLL01$h1631
=CAT  \\$aIPL-CLA$c20130701$lBLL01$h0148
=CAT  \\$aBATCH-CLA$b00$c20130929$lBLL01$h1620
=CAT  \\$aIPL-CLA$c20130930$lBLL01$h1813
=CAT  \\$aBATCH-CLA$b00$c20131202$lBLL01$h0339
=CAT  \\$aIPL-CLA$c20140101$lBLL01$h0153
=CAT  \\$aBATCH-CLA$b00$c20140327$lBLL01$h1831
=CAT  \\$aIPL-CLA$c20140331$lBLL01$h1640
=CAT  \\$aBATCH-UPD$b00$c20170210$lBLL01$h1147
=CFI  0\$aBritish Library not licensed to copy$c0$e01-apr-2014$hC$iCFP Excluded$5Uk
=CFI  2\$aBritish Library not licensed to copy$c0$e01-jan-2014$hC$iCFP Excluded$5Uk
=FIN  \\$aY$d20111122
=FMT  \\$a  BK
=LAS  \\$aBATCH-UPD$b00$c20170210$lBLL01$h1147
=SID  \\$aZ39$bOCLC
=TCO  \\$aTRS$bCCC$c008

