=LDR  02961 am a22005777a 4500
=001  015971154
=003  Uk
=005  20111122093524.0
=007  cr\||u||||||||
=008  110822s2011\\\\mau\\\\\\b\\\|0|0\0|eng\d
=035  \\$a(OCoLC)747526800
=040  \\$aSzZUIDS$bger$cCHVBK$dUk
=100  1\$aBaker, Malcolm$q(Malcolm P.)
=245  10$aBehavioral corporate finance :$ban updated survey /$cMalcolm Baker, Jeffrey Wurgler.
=260  \\$aCambridge, Mass :$bNational Bureau of Economic Research,$c2011.
=300  \\$a103 p. ;$c22 cm.
=336  \\$atext$2rdacontent
=337  \\$acomputer$2rdamedia
=338  \\$aonline resource$2rdacarrier
=490  1\$aNBER working paper series ;$vworking paper 17333
=504  \\$aIncludes bibliographical references.
=520  \\$aWe survey the theory and evidence of behavioral corporate finance, which generally takes one of two approaches. The market timing and catering approach views managerial financing and investment decisions as rational managerial responses to securities mispricing. The managerial biases approach studies the direct effects of managers' biases and nonstandard preferences on their decisions. We review relevant psychology, economic theory and predictions, empirical challenges, empirical evidence, new directions such as behavioral signaling, and open questions.
=530  \\$aAlso available via the Internet.
=540  \\$aBritish Library not licensed to copy$c0$5Uk
=700  1\$aWurgler, Jeffrey.
=710  2\$aNational Bureau of Economic Research.
=830  \0$aWorking paper series (National Bureau of Economic Research) ;$vworking paper no. 17333.
=852  49$aBritish Library$bDSC$j6067.719500
=856  \\$3Volltext$uhttp://www.nber.org/papers/w17333$zDownload (PDF) via World Wide Web für Universität St. Gallen
=ACF  \\$aBritish Library not licensed to copy$c0$e01-apr-2013$hC$iCFP Excluded$5Uk
=ACF  \\$aBritish Library not licensed to copy$c0$e01-oct-2013$hC$iCFP Excluded$5Uk
=CAT  \\$a9504$b40$c20111116$lBLL01$h1431
=CAT  \\$a11250$b40$c20111122$lBLL01$h0935
=CAT  \\$aBATCH-CLA$b00$c20130429$lBLL01$h0154
=CAT  \\$aBATCH-CLA$b00$c20130508$lBLL01$h0739
=CAT  \\$aBATCH-CLA$b00$c20130630$lBLL01$h1631
=CAT  \\$aIPL-CLA$c20130701$lBLL01$h0148
=CAT  \\$aBATCH-CLA$b00$c20130929$lBLL01$h1620
=CAT  \\$aIPL-CLA$c20130930$lBLL01$h1813
=CAT  \\$aBATCH-CLA$b00$c20131202$lBLL01$h0339
=CAT  \\$aIPL-CLA$c20140101$lBLL01$h0153
=CAT  \\$aBATCH-CLA$b00$c20140327$lBLL01$h1831
=CAT  \\$aIPL-CLA$c20140331$lBLL01$h1640
=CAT  \\$aBATCH-UPD$b00$c20170210$lBLL01$h1147
=CFI  0\$aBritish Library not licensed to copy$c0$e01-apr-2014$hC$iCFP Excluded$5Uk
=CFI  2\$aBritish Library not licensed to copy$c0$e01-jan-2014$hC$iCFP Excluded$5Uk
=FIN  \\$aY$d20111122
=FMT  \\$a  BK
=LAS  \\$aBATCH-UPD$b00$c20170210$lBLL01$h1147
=SID  \\$aZ39$bOCLC
=TCO  \\$aTRS$bCCC$c008

