=LDR  03486 am a22005777a 4500
=001  015971156
=003  Uk
=005  20111122092616.0
=007  cr\||u||||||||
=008  110829s2011\\\\maua\\\\\b\\\|0|0\0|eng\d
=035  \\$a(OCoLC)759817495
=040  \\$aSzZUIDS$bger$cCHVBK$dUk
=100  1\$aRaddatz, Claudio E.
=245  10$aOn the international transmission of shocks :$bmicro-evidence from mutual fund portfolios /$cClaudio Raddatz, Sergio L. Schmukler.
=260  \\$aCambridge, Mass :$bNational Bureau of Economic Research,$c2011.
=300  \\$a90 p. :$bill. ;$c22 cm.
=336  \\$atext$2rdacontent
=337  \\$acomputer$2rdamedia
=338  \\$aonline resource$2rdacarrier
=490  1\$aNBER working paper series ;$vworking paper 17358
=504  \\$aIncludes bibliographical references.
=520  \\$aThis paper uses micro-level data on mutual funds from different financial centers investing in equity and bonds to study how investors and managers behave and transmit shocks across countries. The paper finds that the volatility of mutual fund investments is driven quantitatively by both the underlying investors and fund managers through (i) injections/redemptions into each fund and (ii) managerial changes in country weights and cash. Both investors and managers respond to country returns and crises and adjust their investments substantially, for example, generating large reallocations during the global crisis. Their behavior tends to be pro-cyclical, reducing their exposure to countries during bad times and increasing it when conditions improve. Managers actively change country weights over time, although there is significant short-run pass-through from returns to these weights. Consequently, capital flows from mutual funds do not seem to have a stabilizing role and expose countries in their portfolios to foreign shocks.
=530  \\$aAlso available via the Internet.
=540  \\$aBritish Library not licensed to copy$c0$5Uk
=700  1\$aSchmukler, Sergio L.
=710  2\$aNational Bureau of Economic Research.
=830  \0$aWorking paper series (National Bureau of Economic Research) ;$vworking paper no. 17358.
=852  49$aBritish Library$bDSC$j6067.719500
=856  \\$3Volltext$uhttp://www.nber.org/papers/w17358$zDownload (PDF) via World Wide Web für Universität St. Gallen
=ACF  \\$aBritish Library not licensed to copy$c0$e01-apr-2013$hC$iCFP Excluded$5Uk
=ACF  \\$aBritish Library not licensed to copy$c0$e01-oct-2013$hC$iCFP Excluded$5Uk
=CAT  \\$a9504$b40$c20111116$lBLL01$h1433
=CAT  \\$a11250$b40$c20111122$lBLL01$h0926
=CAT  \\$aBATCH-CLA$b00$c20130429$lBLL01$h0154
=CAT  \\$aBATCH-CLA$b00$c20130508$lBLL01$h0739
=CAT  \\$aBATCH-CLA$b00$c20130630$lBLL01$h1631
=CAT  \\$aIPL-CLA$c20130701$lBLL01$h0148
=CAT  \\$aBATCH-CLA$b00$c20130929$lBLL01$h1620
=CAT  \\$aIPL-CLA$c20130930$lBLL01$h1813
=CAT  \\$aBATCH-CLA$b00$c20131202$lBLL01$h0339
=CAT  \\$aIPL-CLA$c20140101$lBLL01$h0153
=CAT  \\$aBATCH-CLA$b00$c20140327$lBLL01$h1831
=CAT  \\$aIPL-CLA$c20140331$lBLL01$h1640
=CAT  \\$aBATCH-UPD$b00$c20170210$lBLL01$h1150
=CFI  0\$aBritish Library not licensed to copy$c0$e01-apr-2014$hC$iCFP Excluded$5Uk
=CFI  2\$aBritish Library not licensed to copy$c0$e01-jan-2014$hC$iCFP Excluded$5Uk
=FIN  \\$aY$d20111122
=FMT  \\$a  BK
=LAS  \\$aBATCH-UPD$b00$c20170210$lBLL01$h1150
=SID  \\$aZ39$bOCLC
=TCO  \\$aTRS$bCCC$c008

