=LDR  03287 am a22006017a 4500
=001  015971175
=003  Uk
=005  20111122094143.0
=007  cr\||u||||||||
=008  110822s2011\\\\maua\\\\\b\\\|0|0\0|eng\d
=035  \\$a(OCoLC)747526804
=040  \\$aSzZUIDS$bger$cCHVBK$dOUN$dUk
=245  00$aPropose with a rose? :$bsignaling in Internet dating markets /$cSoohyung Lee, Muriel Niederle, Hye-Rim Kim, Woo-Keum Kim.
=260  \\$aCambridge, Mass :$bNational Bureau of Economic Research,$c2011.
=300  \\$a37 p. :$bill. ;$c22 cm.
=336  \\$atext$2rdacontent
=337  \\$acomputer$2rdamedia
=338  \\$aonline resource$2rdacarrier
=490  1\$aNBER working paper series ;$vworking paper 17340
=504  \\$aIncludes bibliographical references.
=520  \\$aThe large literature on costly signaling and the somewhat scant literature on preference signaling had varying success in showing the effectiveness of signals. We use a field experiment to show that even when everyone can send a signal, signals are free and the only costs are opportunity costs, sending a signal increases the chances of success. In an online dating experiment, participants can attach "virtual roses" to a proposal to signal special interest in another participant. We find that attaching a rose to an offer substantially increases the chance of acceptance. This effect is driven by an increase in the acceptance rate when the offer is made to a participant who is less desirable than the proposer. Furthermore, participants endowed with more roses have more of their offers accepted than their counterparts.
=530  \\$aAlso available via the Internet.
=540  \\$aBritish Library not licensed to copy$c0$5Uk
=700  1\$aLee, Soohyung.
=700  1\$aNiederle, Muriel.
=700  1\$aKim, Hye-rim.
=700  1\$aKim, Woo-Keum.
=710  2\$aNational Bureau of Economic Research.
=830  \0$aWorking paper series (National Bureau of Economic Research) ;$vworking paper no. 17340.
=852  49$aBritish Library$bDSC$j6067.719500
=856  \\$3Volltext$uhttp://www.nber.org/papers/w17340$zDownload (PDF) via World Wide Web für Universität St. Gallen
=ACF  \\$aBritish Library not licensed to copy$c0$e01-apr-2013$hC$iCFP Excluded$5Uk
=ACF  \\$aBritish Library not licensed to copy$c0$e01-oct-2013$hC$iCFP Excluded$5Uk
=CAT  \\$a9504$b40$c20111116$lBLL01$h1448
=CAT  \\$a11250$b40$c20111122$lBLL01$h0941
=CAT  \\$aBATCH-CLA$b00$c20130429$lBLL01$h0154
=CAT  \\$aBATCH-CLA$b00$c20130508$lBLL01$h0739
=CAT  \\$aBATCH-CLA$b00$c20130630$lBLL01$h1631
=CAT  \\$aIPL-CLA$c20130701$lBLL01$h0148
=CAT  \\$aBATCH-CLA$b00$c20130929$lBLL01$h1620
=CAT  \\$aIPL-CLA$c20130930$lBLL01$h1813
=CAT  \\$aBATCH-CLA$b00$c20131202$lBLL01$h0339
=CAT  \\$aIPL-CLA$c20140101$lBLL01$h0153
=CAT  \\$aBATCH-CLA$b00$c20140327$lBLL01$h1831
=CAT  \\$aIPL-CLA$c20140331$lBLL01$h1640
=CAT  \\$aBATCH-UPD$b00$c20161103$lBLL01$h2019
=CAT  \\$aBATCH-CLA$b00$c20161104$lBLL01$h0116
=CFI  0\$aBritish Library not licensed to copy$c0$e01-apr-2014$hC$iCFP Excluded$5Uk
=FIN  \\$aY$d20111122
=FMT  \\$a  BK
=LAS  \\$aBATCH-CLA$b00$c20161104$lBLL01$h0116
=SID  \\$aZ39$bOCLC
=TCO  \\$aTRS$bCCC$c008

