=LDR  03204 am a22006017a 4500
=001  015971417
=003  Uk
=005  20111122090549.0
=007  cr\||u||||||||
=008  110822s2011\\\\mau\\\\\\b\\\|0|0\0|eng\d
=035  \\$a(OCoLC)747526779
=040  \\$aSzZUIDS$bger$cCHVBK$dUk
=245  00$aDo hospitals cross subsidize? /$cGuy David, Richard Lindrooth, Lorens A. Helmchen, Lawton R. Burns.
=260  \\$aCambridge, Mass :$bNational Bureau of Economic Research,$c2011.
=300  \\$a36, [14] p. ;$c22 cm.
=336  \\$atext$2rdacontent
=337  \\$acomputer$2rdamedia
=338  \\$aonline resource$2rdacarrier
=490  1\$aNBER working paper series ;$vworking paper 17300
=504  \\$aIncludes bibliographical references.
=520  \\$aCross-subsidies are often considered the principal mechanism through which hospitals provide unprofitable care. Yet, hospitals' reliance on and extent of cross-subsidization are difficult to establish. We exploit entry by cardiac specialty hospitals as an exogenous shock to incumbent hospitals' profitability and in turn to their ability to cross-subsidize unprofitable services. Using patient-level data from general short-term hospitals in Arizona and Colorado before and after entry, we find that the hospitals most exposed to entry reduced their provision of services considered to be unprofitable (psychiatric, substance- abuse, and trauma care) and expanded their admissions for neurosurgery, a highly profitable service.
=530  \\$aAlso available via the Internet.
=540  \\$aBritish Library not licensed to copy$c0$5Uk
=700  1\$aDavid, Guy.
=700  1\$aLindrooth, Richard.
=700  1\$aHelmchen, Lorens A.
=700  1\$aBurns, Lawton R.
=710  2\$aNational Bureau of Economic Research.
=830  \0$aWorking paper series (National Bureau of Economic Research) ;$vworking paper no. 17300.
=852  49$aBritish Library$bDSC$j6067.719500
=856  \\$3Volltext$uhttp://www.nber.org/papers/w17300$zDownload (PDF) via World Wide Web für Universität St. Gallen
=ACF  \\$aBritish Library not licensed to copy$c0$e01-apr-2013$hC$iCFP Excluded$5Uk
=ACF  \\$aBritish Library not licensed to copy$c0$e01-oct-2013$hC$iCFP Excluded$5Uk
=CAT  \\$a7164$b40$c20111117$lBLL01$h1020
=CAT  \\$a11250$b40$c20111122$lBLL01$h0905
=CAT  \\$aBATCH-CLA$b00$c20130429$lBLL01$h0154
=CAT  \\$aBATCH-CLA$b00$c20130508$lBLL01$h0739
=CAT  \\$aBATCH-CLA$b00$c20130630$lBLL01$h1631
=CAT  \\$aIPL-CLA$c20130701$lBLL01$h0148
=CAT  \\$aBATCH-CLA$b00$c20130929$lBLL01$h1620
=CAT  \\$aIPL-CLA$c20130930$lBLL01$h1813
=CAT  \\$aBATCH-CLA$b00$c20131202$lBLL01$h0339
=CAT  \\$aIPL-CLA$c20140101$lBLL01$h0153
=CAT  \\$aBATCH-CLA$b00$c20140327$lBLL01$h1831
=CAT  \\$aIPL-CLA$c20140331$lBLL01$h1640
=CAT  \\$aBATCH-UPD$b00$c20170210$lBLL01$h1130
=CFI  0\$aBritish Library not licensed to copy$c0$e01-apr-2014$hC$iCFP Excluded$5Uk
=CFI  2\$aBritish Library not licensed to copy$c0$e01-jan-2014$hC$iCFP Excluded$5Uk
=FIN  \\$aY$d20111122
=FMT  \\$a  BK
=LAS  \\$aBATCH-UPD$b00$c20170210$lBLL01$h1130
=SID  \\$aZ39$bOCLC
=TCO  \\$aTRS$bCCC$c008

