=LDR  03121 am a22005897a 4500
=001  015971418
=003  Uk
=005  20111122091311.0
=007  cr\||u||||||||
=008  110829s2011\\\\maua\\\\\b\\\|0|0\0|eng\d
=035  \\$a(OCoLC)759795746
=040  \\$aSzZUIDS$bger$cCHVBK$dUk
=100  1\$aMolloy, Raven S.
=245  10$aInternal migration in the United States /$cRaven Molloy, Christopher L. Smith, Abigail K. Wozniak.
=260  \\$aCambridge, Mass :$bNational Bureau of Economic Research,$c2011.
=300  \\$a45 p. :$bill. ;$c22 cm.
=336  \\$atext$2rdacontent
=337  \\$acomputer$2rdamedia
=338  \\$aonline resource$2rdacarrier
=490  1\$aNBER working paper series ;$vworking paper 17307
=504  \\$aIncludes bibliographical references.
=520  \\$aWe review patterns in migration within the US over the past thirty years. Internal migration has fallen noticeably since the 1980s, reversing increases from earlier in the century. The decline in migration has been widespread across demographic and socioeconomic groups, as well as for moves of all distances. Although a convincing explanation for the secular decline in migration remains elusive and requires further research, we find only limited roles for the housing market contraction and the economic recession in reducing migration recently. Despite its downward trend, migration within the US remains higher than that within most other developed countries.
=530  \\$aAlso available via the Internet.
=540  \\$aBritish Library not licensed to copy$c0$5Uk
=700  1\$aSmith, Christopher L.,$d1981-
=700  1\$aWozniak, Abigail.
=710  2\$aNational Bureau of Economic Research.
=830  \0$aWorking paper series (National Bureau of Economic Research) ;$vworking paper no. 17307.
=852  49$aBritish Library$bDSC$j6067.719500
=856  \\$3Volltext$uhttp://www.nber.org/papers/w17307$zDownload (PDF) via World Wide Web für Universität St. Gallen
=ACF  \\$aBritish Library not licensed to copy$c0$e01-apr-2013$hC$iCFP Excluded$5Uk
=ACF  \\$aBritish Library not licensed to copy$c0$e01-oct-2013$hC$iCFP Excluded$5Uk
=CAT  \\$a7164$b40$c20111117$lBLL01$h1023
=CAT  \\$a11250$b40$c20111122$lBLL01$h0913
=CAT  \\$aBATCH-CLA$b00$c20130429$lBLL01$h0154
=CAT  \\$aBATCH-CLA$b00$c20130508$lBLL01$h0739
=CAT  \\$aBATCH-CLA$b00$c20130630$lBLL01$h1631
=CAT  \\$aIPL-CLA$c20130701$lBLL01$h0148
=CAT  \\$aBATCH-CLA$b00$c20130929$lBLL01$h1620
=CAT  \\$aIPL-CLA$c20130930$lBLL01$h1813
=CAT  \\$aBATCH-CLA$b00$c20131202$lBLL01$h0339
=CAT  \\$aIPL-CLA$c20140101$lBLL01$h0153
=CAT  \\$aBATCH-CLA$b00$c20140327$lBLL01$h1831
=CAT  \\$aIPL-CLA$c20140331$lBLL01$h1640
=CAT  \\$aBATCH-UPD$b00$c20170210$lBLL01$h1124
=CFI  0\$aBritish Library not licensed to copy$c0$e01-apr-2014$hC$iCFP Excluded$5Uk
=CFI  2\$aBritish Library not licensed to copy$c0$e01-jan-2014$hC$iCFP Excluded$5Uk
=FIN  \\$aY$d20111122
=FMT  \\$a  BK
=LAS  \\$aBATCH-UPD$b00$c20170210$lBLL01$h1124
=SID  \\$aZ39$bOCLC
=TCO  \\$aTRS$bCCC$c008

