=LDR  03483 am a22006017a 4500
=001  015971463
=003  Uk
=005  20111122125903.0
=007  cr\||u||||||||
=008  110905s2011\\\\maua\\\\\b\\\|0|0\0|eng\d
=035  \\$a(OCoLC)752082384
=040  \\$aSzZUIDS$bger$cCHVBK$dOUN$dUk
=100  1\$aGraham, John R.,$d1961-
=245  10$aFinancial distress in the Great Depression /$cJohn R. Graham, Sonali Hazarika, Krishnamoorthy Narasimhan.
=260  \\$aCambridge, Mass :$bNational Bureau of Economic Research,$c2011.
=300  \\$a41 p. :$bill. ;$c22 cm.
=336  \\$atext$2rdacontent
=337  \\$acomputer$2rdamedia
=338  \\$aonline resource$2rdacarrier
=490  1\$aNBER working paper series ;$vworking paper 17388
=504  \\$aIncludes bibliographical references.
=520  \\$aWe use firm-level data to study corporate performance during the Great Depression era for all industrial firms on the NYSE. Our goal is to identify the factors that contribute to business insolvency and valuation changes during the period 1928 to 1938. We find that firms with more debt and lower bond ratings in 1928 became financially distressed more frequently during the Depression, consistent with the trade-off theory of leverage and the information production role of credit rating agencies. We also document for the first time that firms responded to tax incentives to use debt during the Depression era, but that the extra debt used in response to this tax-driven "debt bias" did not contribute significantly to the occurrence of distress. Finally, we conduct an out of sample test during the recent 2008-2009 Recession and find that higher leverage and lower bond ratings also increased the occurrence of financial distress during this period.
=530  \\$aAlso available via the Internet.
=540  \\$aBritish Library not licensed to copy$c0$5Uk
=700  1\$aHazarika, Sonali.
=700  1\$aNarasimhan, Krishnamoorthy,$d1970-
=710  2\$aNational Bureau of Economic Research.
=830  \0$aWorking paper series (National Bureau of Economic Research) ;$vworking paper no. 17388.
=852  49$aBritish Library$bDSC$j6067.719500
=856  \\$3Volltext$uhttp://www.nber.org/papers/w17388$zDownload (PDF) via World Wide Web für Universität St. Gallen
=ACF  \\$aBritish Library not licensed to copy$c0$e01-apr-2013$hC$iCFP Excluded$5Uk
=ACF  \\$aBritish Library not licensed to copy$c0$e01-oct-2013$hC$iCFP Excluded$5Uk
=CAT  \\$a7164$b40$c20111117$lBLL01$h1054
=CAT  \\$a11250$b40$c20111122$lBLL01$h1258
=CAT  \\$a11250$b40$c20111122$lBLL01$h1259
=CAT  \\$aBATCH-CLA$b00$c20130429$lBLL01$h0154
=CAT  \\$aBATCH-CLA$b00$c20130508$lBLL01$h0739
=CAT  \\$aBATCH-CLA$b00$c20130630$lBLL01$h1631
=CAT  \\$aIPL-CLA$c20130701$lBLL01$h0148
=CAT  \\$aBATCH-CLA$b00$c20130929$lBLL01$h1620
=CAT  \\$aIPL-CLA$c20130930$lBLL01$h1813
=CAT  \\$aBATCH-CLA$b00$c20131202$lBLL01$h0339
=CAT  \\$aIPL-CLA$c20140101$lBLL01$h0153
=CAT  \\$aBATCH-CLA$b00$c20140327$lBLL01$h1831
=CAT  \\$aIPL-CLA$c20140331$lBLL01$h1640
=CAT  \\$aBATCH-UPD$b00$c20170210$lBLL01$h1130
=CFI  0\$aBritish Library not licensed to copy$c0$e01-apr-2014$hC$iCFP Excluded$5Uk
=CFI  2\$aBritish Library not licensed to copy$c0$e01-jan-2014$hC$iCFP Excluded$5Uk
=FIN  \\$aY$d20111122
=FMT  \\$a  BK
=LAS  \\$aBATCH-UPD$b00$c20170210$lBLL01$h1130
=SID  \\$aZ39$bOCLC
=TCO  \\$aTRS$bCCC$c008

