=LDR  03424 am a22005057a 4500
=001  015990332
=003  Uk
=005  20111213105559.0
=007  cr\||u||||||||
=008  111017s2011\\\\mau\\\\\\\\\\\000\0\eng\d
=035  \\$a(OCoLC)759815474
=040  \\$aSzZUIDS$bger$cCHVBK
=100  1\$aCorsetti, Giancarlo.
=245  10$aTraded and Nontraded Goods Prices, and International Risk Sharing :$ban Empirical Investigation /$cGiancarlo Corsetti, Luca Dedola, Francesca Viani.
=260  \\$aCambridge, Mass :$bNational Bureau of Economic Research,$c2011.
=336  \\$atext$2rdacontent
=337  \\$acomputer$2rdamedia
=338  \\$aonline resource$2rdacarrier
=490  0\$aNBER working paper series ;$v17501
=520  \\$aAccounting for the pervasive evidence of limited international risk sharing is an important hurdle for open-economy models, especially when these are adopted in the analysis of policy trade-offs likely to be affected by imperfections in financial markets. Key to the literature is the evidence, at odds with efficiency, that consumption is relatively high in countries where its international relative price (the real exchange rate) is also high. We reconsider the relation between cross-country consumption differentials and real exchange rates, by decomposing it into two components, reflecting the prices of tradable and nontradable goods, respectively. We document that, as a common pattern among OECD countries, both components tend to contribute to the overall lack of risk sharing, with the tradable price component playing the dominant role in accounting for efficiency deviations. We relate these findings to two mechanisms proposed by the literature to reconcile open economy models with the data. One features strong Balassa-Samuelson effects on nontradable prices due to productivity gains in the tradable sector, with a muted offsetting response of tradable prices. The other, endogenous income effects causing nontradable but especially tradable prices to appreciate with a rise in domestic consumption demand.
=540  \\$aBritish Library not licensed to copy$c0$5Uk
=700  1\$aDedola, Luca.
=700  1\$aViani, Francesca.
=852  49$aBritish Library$bDSC$j6067.719500
=856  \\$3Volltext$uhttp://www.nber.org/papers/w17501$zDownload (PDF) via World Wide Web für Universität St. Gallen
=ACF  \\$aBritish Library not licensed to copy$c0$e01-apr-2013$hC$iCFP Excluded$5Uk
=ACF  \\$aBritish Library not licensed to copy$c0$e01-oct-2013$hC$iCFP Excluded$5Uk
=CAT  \\$a9504$b40$c20111213$lBLL01$h1055
=CAT  \\$aBATCH-CLA$b00$c20130429$lBLL01$h0154
=CAT  \\$aBATCH-CLA$b00$c20130508$lBLL01$h0739
=CAT  \\$aBATCH-CLA$b00$c20130630$lBLL01$h1631
=CAT  \\$aIPL-CLA$c20130701$lBLL01$h0148
=CAT  \\$aBATCH-CLA$b00$c20130929$lBLL01$h1620
=CAT  \\$aIPL-CLA$c20130930$lBLL01$h1813
=CAT  \\$aBATCH-CLA$b00$c20131202$lBLL01$h0339
=CAT  \\$aIPL-CLA$c20140101$lBLL01$h0154
=CAT  \\$aBATCH-CLA$b00$c20140327$lBLL01$h1831
=CAT  \\$aIPL-CLA$c20140331$lBLL01$h1640
=CAT  \\$aBATCH-UPD$b00$c20170210$lBLL01$h1147
=CFI  0\$aBritish Library not licensed to copy$c0$e01-apr-2014$hC$iCFP Excluded$5Uk
=CFI  2\$aBritish Library not licensed to copy$c0$e01-jan-2014$hC$iCFP Excluded$5Uk
=FMT  \\$a  BK
=LAS  \\$aBATCH-UPD$b00$c20170210$lBLL01$h1147
=SID  \\$aZ39$bOCLC
=TCO  \\$aTRS$bCCC$c008

