=LDR  02975 am a22005177a 4500
=001  015990336
=003  Uk
=005  20111213105935.0
=007  cr\||u||||||||
=008  111128s2011\\\\mau\\\\\\\\\\\000\0\eng\d
=035  \\$a(OCoLC)764373889
=040  \\$aSzZUIDS$bger$cCHVBK
=100  1\$aKacperczyk, Marcin.
=245  10$aTime-Varying Fund Manager Skill /$cMarcin Kacperczyk, Stijn Van Nieuwerburgh, Laura Veldkamp.
=260  \\$aCambridge, Mass :$bNational Bureau of Economic Research,$c2011.
=336  \\$atext$2rdacontent
=337  \\$acomputer$2rdamedia
=338  \\$aonline resource$2rdacarrier
=490  0\$aNBER working paper series ;$v17615
=520  \\$aMutual fund managers can outperform the market by picking stocks or timing the market successfully. Previous work has estimated picking and timing skill, assuming that each manager is endowed with a fixed amount of each and found some evidence of picking skills and little evidence of timing skills among successful managers. This paper estimates skill separately in booms and recessions and finds that the extent to which managers focus on stock picking or market timing fluctuates with the state of the economy. Stock picking is more prevalent in booms, while market timing dominates in recessions. We use this finding to develop a new methodology for detecting managerial skill. The results suggest that some but not all managers have skill. We describe the characteristics of the skilled managers and show that skilled managers significantly outperform the market.
=540  \\$aBritish Library not licensed to copy$c0$5Uk
=700  1\$aNieuwerburgh, Stijn van.
=700  1\$aVeldkamp, Laura.
=852  49$aBritish Library$bDSC$j6067.719500
=856  \\$3Volltext$uhttp://www.nber.org/papers/w17615$zDownload (PDF) via World Wide Web für Universität St. Gallen
=ACF  \\$aBritish Library not licensed to copy$c0$e01-apr-2013$hC$iCFP Excluded$5Uk
=ACF  \\$aBritish Library not licensed to copy$c0$e01-oct-2013$hC$iCFP Excluded$5Uk
=CAT  \\$a9504$b40$c20111213$lBLL01$h1059
=CAT  \\$aBATCH-CLA$b00$c20130429$lBLL01$h0154
=CAT  \\$aBATCH-CLA$b00$c20130508$lBLL01$h0739
=CAT  \\$aBATCH-CLA$b00$c20130630$lBLL01$h1631
=CAT  \\$aIPL-CLA$c20130701$lBLL01$h0148
=CAT  \\$aBATCH-UPD$b00$c20130722$lBLL01$h1351
=CAT  \\$aBATCH-CLA$b00$c20130929$lBLL01$h1620
=CAT  \\$aIPL-CLA$c20130930$lBLL01$h1813
=CAT  \\$aBATCH-CLA$b00$c20131202$lBLL01$h0339
=CAT  \\$aIPL-CLA$c20140101$lBLL01$h0154
=CAT  \\$aBATCH-CLA$b00$c20140327$lBLL01$h1831
=CAT  \\$aIPL-CLA$c20140331$lBLL01$h1640
=CAT  \\$aBATCH-UPD$b00$c20170210$lBLL01$h1152
=CFI  0\$aBritish Library not licensed to copy$c0$e01-apr-2014$hC$iCFP Excluded$5Uk
=CFI  2\$aBritish Library not licensed to copy$c0$e01-jan-2014$hC$iCFP Excluded$5Uk
=FMT  \\$a  BK
=LAS  \\$aBATCH-UPD$b00$c20170210$lBLL01$h1152
=SID  \\$aZ39$bOCLC
=TCO  \\$aTRS$bCCC$c008

