=LDR  03297 am a22005057a 4500
=001  015990339
=003  Uk
=005  20111213110157.0
=007  cr\||u||||||||
=008  111128s2011\\\\mau\\\\\\\\\\\000\0\eng\d
=035  \\$a(OCoLC)764374428
=040  \\$aSzZUIDS$bger$cCHVBK
=100  1\$aFeldstein, Martin S.
=245  14$aThe Euro and European Economic Conditions /$cMartin S. Feldstein.
=260  \\$aCambridge, Mass :$bNational Bureau of Economic Research,$c2011.
=336  \\$atext$2rdacontent
=337  \\$acomputer$2rdamedia
=338  \\$aonline resource$2rdacarrier
=490  0\$aNBER working paper series ;$v17617
=520  \\$aThe creation of the euro should now be recognized as an experiment that has led to the sovereign debt crisis in several countries, the fragile condition of major European banks, the high levels of unemployment, and the large trade deficits that now exist in most Eurozone countries. Although the European Central Bank managed the euro in a way that achieved a low rate of inflation, other countries both in Europe and elsewhere have also had a decade of low inflation without incurring the costs of a monetary union. The emergence of these problems just a dozen years after the start of the euro in 1999 was not an accident or the result of bureaucratic mismanagement but the inevitable consequence of imposing a single currency on a very heterogeneous group of countries, a heterogeneity that includes not only economic structures but also fiscal traditions and social attitudes. This paper reviews (1) the reasons for these economic problems, (2) the political origins of the European Monetary Union, (3) the current attempts to solve the sovereign debt problem, (4) the long-term problem of inter-country differences of productivity growth and competitiveness, (5) the special problems of Greece and Italy, (6) and the pros and cons of a Greek departure from the Eurozone.
=540  \\$aBritish Library not licensed to copy$c0$5Uk
=852  49$aBritish Library$bDSC$j6067.719500
=856  \\$3Volltext$uhttp://www.nber.org/papers/w17617$zDownload (PDF) via World Wide Web für Universität St. Gallen
=ACF  \\$aBritish Library not licensed to copy$c0$e01-apr-2013$hC$iCFP Excluded$5Uk
=ACF  \\$aBritish Library not licensed to copy$c0$e01-oct-2013$hC$iCFP Excluded$5Uk
=CAT  \\$a9504$b40$c20111213$lBLL01$h1101
=CAT  \\$aBATCH-CLA$b00$c20130429$lBLL01$h0154
=CAT  \\$aBATCH-CLA$b00$c20130508$lBLL01$h0739
=CAT  \\$aBATCH-CLA$b00$c20130630$lBLL01$h1631
=CAT  \\$aIPL-CLA$c20130701$lBLL01$h0148
=CAT  \\$aBATCH-CLA$b00$c20130929$lBLL01$h1620
=CAT  \\$aIPL-CLA$c20130930$lBLL01$h1813
=CAT  \\$aBATCH-CLA$b00$c20131202$lBLL01$h0339
=CAT  \\$aIPL-CLA$c20140101$lBLL01$h0154
=CAT  \\$aBATCH-CLA$b00$c20140327$lBLL01$h1831
=CAT  \\$aIPL-CLA$c20140331$lBLL01$h1640
=CAT  \\$aBATCH-UPD$b00$c20141125$lBLL01$h1535
=CAT  \\$aBATCH-UPD$b00$c20170210$lBLL01$h1152
=CAT  \\$aBATCH-UPD$b00$c20190614$lBLL01$h2100
=CAT  \\$aBATCH-CLA$b00$c20190615$lBLL01$h0129
=CFI  0\$aBritish Library not licensed to copy$c0$e01-apr-2014$hC$iCFP Excluded$5Uk
=FMT  \\$a  BK
=LAS  \\$aBATCH-CLA$b00$c20190615$lBLL01$h0129
=SID  \\$aZ39$bOCLC
=TCO  \\$aTRS$bCCC$c008

