=LDR  03383 am a22005177a 4500
=001  015990341
=003  Uk
=005  20111213110357.0
=007  cr\||u||||||||
=008  111128s2011\\\\mau\\\\\\\\\\\000\0\eng\d
=035  \\$a(OCoLC)764374445
=040  \\$aSzZUIDS$bger$cCHVBK
=100  1\$aAndreoni, James.
=245  10$aDiversity and Donations :$bThe Effect of Religious and Ethnic Diversity on Charitable Giving /$cJames Andreoni, Abigail Payne, Justin D. Smith, David Karp.
=260  \\$aCambridge, Mass :$bNational Bureau of Economic Research,$c2011.
=336  \\$atext$2rdacontent
=337  \\$acomputer$2rdamedia
=338  \\$aonline resource$2rdacarrier
=490  0\$aNBER working paper series ;$v17618
=520  \\$aWe explore the effects of local ethnic and religious diversity on individual donations to private charities. Using 10-year neighborhood-level panels derived from personal tax records in Canada, we find that diversity has a detrimental effect on charitable donations. A 10 percentage point increase in ethnic diversity reduces donations by 14%, and a 10 percentage point increase in religious diversity reduces donations by 10%. The ethnic diversity effect is driven by a within-group disposition among non-minorities, and is most evident in high income, but low education areas. The religious diversity effect is driven by a within-group disposition among Catholics, and is concentrated in high income and high education areas. Despite these large effects on amount donated, we find no evidence that increasing diversity affects the fraction of households that donate. Over the period studied, ethnic diversity rises by 6 percentage points and religious diversity rises by 4 percentage points; our results suggest that charities receive about 12% less in total donations. As areas like North America continue to grow more diverse over time, our results imply that these demographic changes may have significant implications for the charitable sector.
=540  \\$aBritish Library not licensed to copy$c0$5Uk
=700  1\$aPayne, Abigail.
=700  1\$aSmith, Justin D.
=700  1\$aKarp, David.
=852  49$aBritish Library$bDSC$j6067.719500
=856  \\$3Volltext$uhttp://www.nber.org/papers/w17618$zDownload (PDF) via World Wide Web für Universität St. Gallen
=ACF  \\$aBritish Library not licensed to copy$c0$e01-apr-2013$hC$iCFP Excluded$5Uk
=ACF  \\$aBritish Library not licensed to copy$c0$e01-oct-2013$hC$iCFP Excluded$5Uk
=CAT  \\$a9504$b40$c20111213$lBLL01$h1103
=CAT  \\$aBATCH-CLA$b00$c20130429$lBLL01$h0154
=CAT  \\$aBATCH-CLA$b00$c20130508$lBLL01$h0739
=CAT  \\$aBATCH-CLA$b00$c20130630$lBLL01$h1631
=CAT  \\$aIPL-CLA$c20130701$lBLL01$h0148
=CAT  \\$aBATCH-CLA$b00$c20130929$lBLL01$h1620
=CAT  \\$aIPL-CLA$c20130930$lBLL01$h1813
=CAT  \\$aBATCH-CLA$b00$c20131202$lBLL01$h0339
=CAT  \\$aIPL-CLA$c20140101$lBLL01$h0154
=CAT  \\$aBATCH-CLA$b00$c20140327$lBLL01$h1831
=CAT  \\$aIPL-CLA$c20140331$lBLL01$h1640
=CAT  \\$aBATCH-UPD$b00$c20170210$lBLL01$h1148
=CFI  0\$aBritish Library not licensed to copy$c0$e01-apr-2014$hC$iCFP Excluded$5Uk
=CFI  2\$aBritish Library not licensed to copy$c0$e01-jan-2014$hC$iCFP Excluded$5Uk
=FMT  \\$a  BK
=LAS  \\$aBATCH-UPD$b00$c20170210$lBLL01$h1148
=SID  \\$aZ39$bOCLC
=TCO  \\$aTRS$bCCC$c008

