=LDR  02990 am a22005057a 4500
=001  015990343
=003  Uk
=005  20111213110640.0
=007  cr\||u||||||||
=008  111128s2011\\\\mau\\\\\\\\\\\000\0\eng\d
=035  \\$a(OCoLC)764374711
=040  \\$aSzZUIDS$bger$cCHVBK
=100  1\$aJordà, Òscar.
=245  10$aWhen Credit Bites Back :$bLeverage, Business Cycles, and Crises /$cÒscar Jordà, Moritz HP. Schularick, Alan M. Taylor.
=260  \\$aCambridge, Mass :$bNational Bureau of Economic Research,$c2011.
=336  \\$atext$2rdacontent
=337  \\$acomputer$2rdamedia
=338  \\$aonline resource$2rdacarrier
=490  0\$aNBER working paper series ;$v17621
=520  \\$aThis paper studies the role of leverage in the business cycle. Based on a study of nearly 200 recession episodes in 14 advanced countries between 1870 and 2008, we document a new stylized fact of the modern business cycle: more credit-intensive booms tend to be followed by deeper recessions and slower recoveries. We find a close relationship between the rate of credit growth relative to GDP in the expansion phase and the severity of the subsequent recession. We use local projection methods to study how leverage impacts the behavior of key macroeconomic variables such as investment, lending, interest rates, and inflation. The effects of leverage are particularly pronounced in recessions that coincide with financial crises, but are also distinctly present in normal cycles. The stylized facts we uncover lend support to the idea that financial factors play an important role in the modern business cycle.
=540  \\$aBritish Library not licensed to copy$c0$5Uk
=700  1\$aSchularick, Moritz HP.
=700  1\$aTaylor, Alan M.
=852  49$aBritish Library$bDSC$j6067.719500
=856  \\$3Volltext$uhttp://www.nber.org/papers/w17621$zDownload (PDF) via World Wide Web für Universität St. Gallen
=ACF  \\$aBritish Library not licensed to copy$c0$e01-apr-2013$hC$iCFP Excluded$5Uk
=ACF  \\$aBritish Library not licensed to copy$c0$e01-oct-2013$hC$iCFP Excluded$5Uk
=CAT  \\$a9504$b40$c20111213$lBLL01$h1106
=CAT  \\$aBATCH-CLA$b00$c20130429$lBLL01$h0154
=CAT  \\$aBATCH-CLA$b00$c20130508$lBLL01$h0739
=CAT  \\$aBATCH-CLA$b00$c20130630$lBLL01$h1631
=CAT  \\$aIPL-CLA$c20130701$lBLL01$h0148
=CAT  \\$aBATCH-CLA$b00$c20130929$lBLL01$h1620
=CAT  \\$aIPL-CLA$c20130930$lBLL01$h1813
=CAT  \\$aBATCH-CLA$b00$c20131202$lBLL01$h0339
=CAT  \\$aIPL-CLA$c20140101$lBLL01$h0154
=CAT  \\$aBATCH-CLA$b00$c20140327$lBLL01$h1831
=CAT  \\$aIPL-CLA$c20140331$lBLL01$h1640
=CAT  \\$aBATCH-UPD$b00$c20170210$lBLL01$h1148
=CFI  0\$aBritish Library not licensed to copy$c0$e01-apr-2014$hC$iCFP Excluded$5Uk
=CFI  2\$aBritish Library not licensed to copy$c0$e01-jan-2014$hC$iCFP Excluded$5Uk
=FMT  \\$a  BK
=LAS  \\$aBATCH-UPD$b00$c20170210$lBLL01$h1148
=SID  \\$aZ39$bOCLC
=TCO  \\$aTRS$bCCC$c008

