=LDR  03127 am a22005897a 4500
=001  015990367
=003  Uk
=005  20160603085628.0
=007  cr\||u||||||||
=008  111128s2011\\\\mau\\\\\\\\\\\000\0\eng\d
=035  \\$a(OCoLC)764374700
=040  \\$aSzZUIDS$bger$cCHVBK$dUk
=100  1\$aFrankel, Jeffrey A.
=245  10$aOn graduation from fiscal procyclicality /$cJeffrey A. Frankel, Carlos A. Végh, Guillermo Vuletin.
=260  \\$aCambridge, Mass. :$bNational Bureau of Economic Research,$c2011.
=300  \\$a15 p. :$bill. ;$c20 cm
=336  \\$atext$2rdacontent
=337  \\$acomputer$2rdamedia
=338  \\$aonline resource$2rdacarrier
=490  0\$aNBER working paper series ;$v17619
=520  \\$aIn the past, industrial countries have tended to pursue countercyclical or, at worst, acyclical fiscal policy. In sharp contrast, emerging and developing countries have followed procyclical fiscal policy, thus exacerbating the underlying business cycle. We show that, over the last decade, about a third of the developing world has been able to escape the procyclicality trap and actually become countercyclical. We trace this critical shift in fiscal policy to the quality of institutions. We provide a formal analysis, which controls for the endogeneity of institutions and other determinants of fiscal procyclicality, that strongly suggests that there is a causal link running from stronger institutions to less procyclical or countercyclical fiscal policy.
=540  \\$aBritish Library not licensed to copy$c0$5Uk
=700  1\$aVégh Gramont, Carlos A.,$d1958-
=700  1\$aVuletin, Guillermo.
=852  49$aBritish Library$bDSC$j6067.719500
=856  \\$3Volltext$uhttp://www.nber.org/papers/w17619$zDownload (PDF) via World Wide Web für Universität St. Gallen
=ACF  \\$aBritish Library not licensed to copy$c0$e01-apr-2013$hC$iCFP Excluded$5Uk
=CAT  \\$a9504$b40$c20111213$lBLL01$h1108
=CAT  \\$a11249$b40$c20130213$lBLL01$h1249
=CAT  \\$aBATCH-CLA$b00$c20130429$lBLL01$h0154
=CAT  \\$a11249$b40$c20130501$lBLL01$h0903
=CAT  \\$aBATCH-CLA$b00$c20130508$lBLL01$h0739
=CAT  \\$aBATCH-CLA$b00$c20130630$lBLL01$h1631
=CAT  \\$aIPL-CLA$c20130701$lBLL01$h0148
=CAT  \\$aBATCH-CLA$b00$c20130929$lBLL01$h1620
=CAT  \\$aIPL-CLA$c20130930$lBLL01$h1813
=CAT  \\$a11249$b40$c20131003$lBLL01$h1140
=CAT  \\$aBATCH-CLA$b00$c20131004$lBLL01$h0039
=CAT  \\$aBATCH-CLA$b00$c20131202$lBLL01$h0339
=CAT  \\$aIPL-CLA$c20140101$lBLL01$h0154
=CAT  \\$a11249$b40$c20140107$lBLL01$h0946
=CAT  \\$aBATCH-CLA$b00$c20140108$lBLL01$h0037
=CAT  \\$aBATCH-CLA$b00$c20140327$lBLL01$h1831
=CAT  \\$aIPL-CLA$c20140331$lBLL01$h1640
=CAT  \\$aBATCH-UPD$b00$c20141125$lBLL01$h1543
=CAT  \\$a8874$b40$c20160603$lBLL01$h0856
=CAT  \\$aBATCH-UPD$b40$c20180921$lBLL01$h2059
=CAT  \\$aBATCH-CLA$b00$c20180922$lBLL01$h0123
=CFI  0\$aBritish Library not licensed to copy$c0$e01-apr-2014$hC$iCFP Excluded$5Uk
=FMT  \\$a  BK
=LAS  \\$aBATCH-CLA$b00$c20180922$lBLL01$h0123
=TCO  \\$aTRS$bCCC$c008

