=LDR  03086 am a22004937a 4500
=001  015990372
=003  Uk
=005  20111213111240.0
=007  cr\||u||||||||
=008  111121s2011\\\\mau\\\\\\\\\\\000\0\eng\d
=035  \\$a(OCoLC)764327397
=040  \\$aSzZUIDS$bger$cCHVBK
=100  1\$aLewis, Ethan$q(Ethan G.)
=245  10$aImmigrant-Native Substitutability :$bThe Role of Language Ability /$cEthan G. Lewis.
=260  \\$aCambridge, Mass :$bNational Bureau of Economic Research,$c2011.
=336  \\$atext$2rdacontent
=337  \\$acomputer$2rdamedia
=338  \\$aonline resource$2rdacarrier
=490  0\$aNBER working paper series ;$v17609
=520  \\$aWage evidence suggests that immigrant workers are imperfectly substitutable for native-born workers with similar education and experience. Using U.S. Censuses and recent American Community Survey data, I ask to what extent differences in language skills drive this. I find they are important. I estimate that the response of immigrants' relative wages to immigration is concentrated among immigrants with poor English skills. Similarly, immigrants who arrive at young ages, as adults, both have stronger English skills and exhibit greater substitutability for native-born workers than immigrants who arrive older. In U.S. markets where Spanish speakers are concentrated, I find a "Spanish-speaking" labor market emerges: in such markets, the return to speaking English is low, and the wages of Spanish and non-Spanish speakers respond most strongly to skill ratios in their own language group. Finally, in Puerto Rico, where almost all workers speak Spanish, I find immigrants and natives are perfect substitutes. The implications for immigrant poverty and regional settlement patterns are analyzed.
=540  \\$aBritish Library not licensed to copy$c0$5Uk
=852  49$aBritish Library$bDSC$j6067.719500
=856  \\$3Volltext$uhttp://www.nber.org/papers/w17609$zDownload (PDF) via World Wide Web für Universität St. Gallen
=ACF  \\$aBritish Library not licensed to copy$c0$e01-apr-2013$hC$iCFP Excluded$5Uk
=ACF  \\$aBritish Library not licensed to copy$c0$e01-oct-2013$hC$iCFP Excluded$5Uk
=CAT  \\$a9504$b40$c20111213$lBLL01$h1112
=CAT  \\$aBATCH-CLA$b00$c20130429$lBLL01$h0154
=CAT  \\$aBATCH-CLA$b00$c20130508$lBLL01$h0739
=CAT  \\$aBATCH-CLA$b00$c20130630$lBLL01$h1631
=CAT  \\$aIPL-CLA$c20130701$lBLL01$h0148
=CAT  \\$aBATCH-CLA$b00$c20130929$lBLL01$h1620
=CAT  \\$aIPL-CLA$c20130930$lBLL01$h1813
=CAT  \\$aBATCH-CLA$b00$c20131202$lBLL01$h0339
=CAT  \\$aIPL-CLA$c20140101$lBLL01$h0154
=CAT  \\$aBATCH-CLA$b00$c20140327$lBLL01$h1831
=CAT  \\$aIPL-CLA$c20140331$lBLL01$h1640
=CAT  \\$aBATCH-UPD$b00$c20170210$lBLL01$h1149
=CAT  \\$a5194$b40$c20170630$lBLL01$h0943
=CAT  \\$aBATCH-CLA$b00$c20170701$lBLL01$h0116
=CFI  0\$aBritish Library not licensed to copy$c0$e01-apr-2014$hC$iCFP Excluded$5Uk
=FMT  \\$a  BK
=LAS  \\$aBATCH-CLA$b00$c20170701$lBLL01$h0116
=SID  \\$aZ39$bOCLC
=TCO  \\$aTRS$bCCC$c008

