=LDR  02777 am a22004937a 4500
=001  015990376
=003  Uk
=005  20111213111451.0
=007  cr\||u||||||||
=008  111121s2011\\\\mau\\\\\\\\\\\000\0\eng\d
=035  \\$a(OCoLC)764327424
=040  \\$aSzZUIDS$bger$cCHVBK
=100  1\$aBishop, Kelly C.
=245  10$aHedonic Prices and Implicit Markets :$bEstimating Marginal Willingness to Pay for Differentiated Products Without Instrumental Variables /$cKelly C. Bishop, Christopher Timmins.
=260  \\$aCambridge, Mass :$bNational Bureau of Economic Research,$c2011.
=336  \\$atext$2rdacontent
=337  \\$acomputer$2rdamedia
=338  \\$aonline resource$2rdacarrier
=490  0\$aNBER working paper series ;$v17611
=520  \\$aThe hedonic model of Rosen (1974) has become a workhorse for valuing the characteristics of differentiated products despite a number of well-documented econometric problems. For example, Bartik (1987) and Epple (1987) each describe a source of endogeneity in the second stage of Rosen's procedure that has proven difficult to overcome. In this paper, we propose a new approach for recovering the marginal willingness-to-pay function that altogether avoids these endogeneity problems. Applying this estimator to data on large changes in violent crime rates, we find that marginal willingness-to-pay increases by ten cents with each additional violent crime per 100,000 residents.
=540  \\$aBritish Library not licensed to copy$c0$5Uk
=700  1\$aTimmins, Christopher.
=852  49$aBritish Library$bDSC$j6067.719500
=856  \\$3Volltext$uhttp://www.nber.org/papers/w17611$zDownload (PDF) via World Wide Web für Universität St. Gallen
=ACF  \\$aBritish Library not licensed to copy$c0$e01-apr-2013$hC$iCFP Excluded$5Uk
=ACF  \\$aBritish Library not licensed to copy$c0$e01-oct-2013$hC$iCFP Excluded$5Uk
=CAT  \\$a9504$b40$c20111213$lBLL01$h1114
=CAT  \\$aBATCH-CLA$b00$c20130429$lBLL01$h0154
=CAT  \\$aBATCH-CLA$b00$c20130508$lBLL01$h0739
=CAT  \\$aBATCH-CLA$b00$c20130630$lBLL01$h1631
=CAT  \\$aIPL-CLA$c20130701$lBLL01$h0148
=CAT  \\$aBATCH-CLA$b00$c20130929$lBLL01$h1620
=CAT  \\$aIPL-CLA$c20130930$lBLL01$h1813
=CAT  \\$aBATCH-CLA$b00$c20131202$lBLL01$h0339
=CAT  \\$aIPL-CLA$c20140101$lBLL01$h0154
=CAT  \\$aBATCH-CLA$b00$c20140327$lBLL01$h1831
=CAT  \\$aIPL-CLA$c20140331$lBLL01$h1640
=CAT  \\$aBATCH-UPD$b00$c20170210$lBLL01$h1124
=CFI  0\$aBritish Library not licensed to copy$c0$e01-apr-2014$hC$iCFP Excluded$5Uk
=CFI  2\$aBritish Library not licensed to copy$c0$e01-jan-2014$hC$iCFP Excluded$5Uk
=FMT  \\$a  BK
=LAS  \\$aBATCH-UPD$b00$c20170210$lBLL01$h1124
=SID  \\$aZ39$bOCLC
=TCO  \\$aTRS$bCCC$c008

