=LDR  02767 am a22005297a 4500
=001  015990378
=003  Uk
=005  20210501010701.0
=007  cr\||u||||||||
=008  111128s2011\\\\mau\\\\\\\\\\\000\0\eng\d
=035  \\$a(OCoLC)764374318
=040  \\$aSzZUIDS$bger$cCHVBK
=100  1\$aBalli, Faruk.
=245  10$aRisk Sharing through Capital Gains /$cFaruk Balli, Sebnem Kalemli-Ozcan, Bent Sorensen.
=260  \\$aCambridge, Mass :$bNational Bureau of Economic Research,$c2011.
=336  \\$atext$2rdacontent
=337  \\$acomputer$2rdamedia
=338  \\$aonline resource$2rdacarrier
=490  0\$aNBER working paper series ;$v17612
=520  \\$aWe estimate channels of international risk sharing between European Monetary Union (EMU), European Union, and other OECD countries 1992-2007. We focus on risk sharing through savings, factor income flows, and capital gains. Risk sharing through factor income and capital gains was close to zero before 1999 but has increased since then. Risk sharing from capital gains, at about 6 percent, is higher than risk sharing from factor income flows for European Union countries and OECD countries. Risk sharing from factor income flows is higher for Euro zone countries, at 14 percent, reflecting increased international asset and liability holdings in the Euro area.
=540  \\$aBritish Library not licensed to copy$c0$5Uk
=700  1\$aKalemli-Ozcan, Sebnem.
=700  1\$aSørensen, Bent E.
=852  49$aBritish Library$bDSC$j6067.719500
=856  \\$3Volltext$uhttp://www.nber.org/papers/w17612$zDownload (PDF) via World Wide Web für Universität St. Gallen
=ACF  \\$aBritish Library not licensed to copy$c0$e01-apr-2013$hC$iCFP Excluded$5Uk
=ACF  \\$aBritish Library not licensed to copy$c0$e01-oct-2013$hC$iCFP Excluded$5Uk
=CAT  \\$a9504$b40$c20111213$lBLL01$h1116
=CAT  \\$aBATCH-CLA$b00$c20130429$lBLL01$h0154
=CAT  \\$aBATCH-CLA$b00$c20130508$lBLL01$h0739
=CAT  \\$aBATCH-CLA$b00$c20130630$lBLL01$h1631
=CAT  \\$aIPL-CLA$c20130701$lBLL01$h0148
=CAT  \\$aBATCH-CLA$b00$c20130929$lBLL01$h1620
=CAT  \\$aIPL-CLA$c20130930$lBLL01$h1813
=CAT  \\$aBATCH-CLA$b00$c20131202$lBLL01$h0339
=CAT  \\$aIPL-CLA$c20140101$lBLL01$h0154
=CAT  \\$aBATCH-CLA$b00$c20140327$lBLL01$h1831
=CAT  \\$aIPL-CLA$c20140331$lBLL01$h1640
=CAT  \\$aBATCH-UPD$b00$c20141125$lBLL01$h1550
=CAT  \\$aBATCH-UPD$b00$c20170210$lBLL01$h1124
=CAT  \\$a5194$b40$c20210430$lBLL01$h1149
=CAT  \\$aBATCH-CLA$b00$c20210501$lBLL01$h0107
=CFI  0\$aBritish Library not licensed to copy$c0$e01-apr-2014$hC$iCFP Excluded$5Uk
=FMT  \\$a  BK
=LAS  \\$aBATCH-CLA$b00$c20210501$lBLL01$h0107
=SID  \\$aZ39$bOCLC
=TCO  \\$aTRS$bCCC$c008

