=LDR  03046 am a22004817a 4500
=001  015990383
=003  Uk
=005  20111213111900.0
=007  cr\||u||||||||
=008  111128s2011\\\\mau\\\\\\\\\\\000\0\eng\d
=035  \\$a(OCoLC)764374652
=040  \\$aSzZUIDS$bger$cCHVBK
=100  1\$aNovy-Marx, Robert.
=245  10$aLogical Implications of GASB's Methodology for Valuing Pension Liabilities /$cRobert Novy-Marx.
=260  \\$aCambridge, Mass :$bNational Bureau of Economic Research,$c2011.
=336  \\$atext$2rdacontent
=337  \\$acomputer$2rdamedia
=338  \\$aonline resource$2rdacarrier
=490  0\$aNBER working paper series ;$v17613
=520  \\$aIt is well known that the funding status of state and local government defined benefit pension plans, as measured by the accounting methodology prescribed by the Governmental Accounting Standards Board (GASB), improves when the plans take on more investment risk. This paper documents several lesser known logical implications of the GASB methodology. In particular, I show that GASB accounting is susceptible to the "Yogi Berra fallacy," under which a pizza is less filling when sliced into fewer pieces: GASB gives different "valuations" for the exact same assets and liabilities when they are partitioned differently among plans. Moreover, the marginal valuation of assets can be negative under GASB. In such cases a plan can improve its GASB funding status literally by burning money. Finally, I show that GASB's methodology is exactly equivalent to fairly valuing plan liabilities, but accounting for stocks at more than twice their traded prices, and further crediting a plan an additional dollar for each dollar of stock that it intends to buy in the future.
=540  \\$aBritish Library not licensed to copy$c0$5Uk
=852  49$aBritish Library$bDSC$j6067.719500
=856  \\$3Volltext$uhttp://www.nber.org/papers/w17613$zDownload (PDF) via World Wide Web für Universität St. Gallen
=ACF  \\$aBritish Library not licensed to copy$c0$e01-apr-2013$hC$iCFP Excluded$5Uk
=ACF  \\$aBritish Library not licensed to copy$c0$e01-oct-2013$hC$iCFP Excluded$5Uk
=CAT  \\$a9504$b40$c20111213$lBLL01$h1119
=CAT  \\$aBATCH-CLA$b00$c20130429$lBLL01$h0154
=CAT  \\$aBATCH-CLA$b00$c20130508$lBLL01$h0739
=CAT  \\$aBATCH-CLA$b00$c20130630$lBLL01$h1631
=CAT  \\$aIPL-CLA$c20130701$lBLL01$h0148
=CAT  \\$aBATCH-CLA$b00$c20130929$lBLL01$h1620
=CAT  \\$aIPL-CLA$c20130930$lBLL01$h1813
=CAT  \\$aBATCH-CLA$b00$c20131202$lBLL01$h0339
=CAT  \\$aIPL-CLA$c20140101$lBLL01$h0154
=CAT  \\$aBATCH-CLA$b00$c20140327$lBLL01$h1831
=CAT  \\$aIPL-CLA$c20140331$lBLL01$h1640
=CAT  \\$aBATCH-UPD$b00$c20170210$lBLL01$h1148
=CFI  0\$aBritish Library not licensed to copy$c0$e01-apr-2014$hC$iCFP Excluded$5Uk
=CFI  2\$aBritish Library not licensed to copy$c0$e01-jan-2014$hC$iCFP Excluded$5Uk
=FMT  \\$a  BK
=LAS  \\$aBATCH-UPD$b00$c20170210$lBLL01$h1148
=SID  \\$aZ39$bOCLC
=TCO  \\$aTRS$bCCC$c008

