=LDR  03179 am a22004937a 4500
=001  015990386
=003  Uk
=005  20111213112057.0
=007  cr\||u||||||||
=008  111128s2011\\\\mau\\\\\\\\\\\000\0\eng\d
=035  \\$a(OCoLC)764373953
=040  \\$aSzZUIDS$bger$cCHVBK
=100  1\$aMichalopoulos, Stelios.
=245  14$aThe Long-Run Effects of the Scramble for Africa /$cStelios Michalopoulos, Elias Papaioannou.
=260  \\$aCambridge, Mass :$bNational Bureau of Economic Research,$c2011.
=336  \\$atext$2rdacontent
=337  \\$acomputer$2rdamedia
=338  \\$aonline resource$2rdacarrier
=490  0\$aNBER working paper series ;$v17620
=520  \\$aWe examine the long-run consequences of the scramble for Africa among European powers in the late 19th century and uncover the following empirical regularities. First, using information on the spatial distribution of African ethnicities before colonization, we show that borders were arbitrarily drawn. Apart from the land mass and water area of an ethnicity's historical homeland, no other geographic, ecological, historical, and ethnic-specific traits predict which ethnic groups have been partitioned by the national border. Second, using data on the location of civil conflicts after independence, we show that partitioned ethnic groups have suffered significantly more warfare; moreover, partitioned ethnicities have experienced more prolonged and more devastating civil wars. Third, we identify sizeable spillovers; civil conflict spreads from the homeland of partitioned ethnicities to nearby ethnic regions. These results are robust to a rich set of controls at a fine level and the inclusion of country fixed effects and ethnic-family fixed effects. The uncovered evidence thus identifies a sizable causal impact of the scramble for Africa on warfare.
=540  \\$aBritish Library not licensed to copy$c0$5Uk
=700  1\$aPapaioannou, Elias.
=852  49$aBritish Library$bDSC$j6067.719500
=856  \\$3Volltext$uhttp://www.nber.org/papers/w17620$zDownload (PDF) via World Wide Web für Universität St. Gallen
=ACF  \\$aBritish Library not licensed to copy$c0$e01-apr-2013$hC$iCFP Excluded$5Uk
=ACF  \\$aBritish Library not licensed to copy$c0$e01-oct-2013$hC$iCFP Excluded$5Uk
=CAT  \\$a9504$b40$c20111213$lBLL01$h1120
=CAT  \\$aBATCH-CLA$b00$c20130429$lBLL01$h0154
=CAT  \\$aBATCH-CLA$b00$c20130508$lBLL01$h0739
=CAT  \\$aBATCH-CLA$b00$c20130630$lBLL01$h1631
=CAT  \\$aIPL-CLA$c20130701$lBLL01$h0148
=CAT  \\$aBATCH-CLA$b00$c20130929$lBLL01$h1620
=CAT  \\$aIPL-CLA$c20130930$lBLL01$h1813
=CAT  \\$aBATCH-CLA$b00$c20131202$lBLL01$h0339
=CAT  \\$aIPL-CLA$c20140101$lBLL01$h0154
=CAT  \\$aBATCH-CLA$b00$c20140327$lBLL01$h1831
=CAT  \\$aIPL-CLA$c20140331$lBLL01$h1640
=CAT  \\$aBATCH-UPD$b00$c20170210$lBLL01$h1148
=CFI  0\$aBritish Library not licensed to copy$c0$e01-apr-2014$hC$iCFP Excluded$5Uk
=CFI  2\$aBritish Library not licensed to copy$c0$e01-jan-2014$hC$iCFP Excluded$5Uk
=FMT  \\$a  BK
=LAS  \\$aBATCH-UPD$b00$c20170210$lBLL01$h1148
=SID  \\$aZ39$bOCLC
=TCO  \\$aTRS$bCCC$c008

