=LDR  03429 am a22005057a 4500
=001  015990394
=003  Uk
=005  20111213112741.0
=007  cr\||u||||||||
=008  111031s2011\\\\mau\\\\\\\\\\\000\0\eng\d
=035  \\$a(OCoLC)764247661
=040  \\$aSzZUIDS$bger$cCHVBK
=100  1\$aKotchen, Matthew J.
=245  10$aPolicy-Instrument Choice and Benefit Estimates for Climate-Change Policy in the United States /$cMatthew J. Kotchen, Kevin J. Boyle, Anthony A. Leiserowitz.
=260  \\$aCambridge, Mass :$bNational Bureau of Economic Research,$c2011.
=336  \\$atext$2rdacontent
=337  \\$acomputer$2rdamedia
=338  \\$aonline resource$2rdacarrier
=490  0\$aNBER working paper series ;$v17539
=520  \\$aThis paper provides the first willingness-to-pay (WTP) estimates in support of a national climate-change policy that are comparable with the costs of actual legislative efforts in the U.S. Congress. Based on a survey of 2,034 American adults, we find that households are, on average, willing to pay between {dollar}79 and {dollar}89 per year in support of reducing domestic greenhouse-gas (GHG) emissions 17 percent by 2020. Even very conservative estimates yield an average WTP at or above {dollar}60 per year. Taking advantage of randomized treatments within the survey valuation question, we find that mean WTP does not vary substantially among the policy instruments of a cap-and-trade program, a carbon tax, or a GHG regulation. But there are differences in the sociodemographic characteristics of those willing to pay across policy instruments. Greater education always increases WTP. Older individuals have a lower WTP for a carbon tax and a GHG regulation, while greater household income increases WTP for these same two policy instruments. Republicans, along with those indicating no political party affiliation, have a significantly lower WTP regardless of the policy instrument. But many of these differences are no longer evident after controlling for respondent opinions about whether global warming is actually happening.
=540  \\$aBritish Library not licensed to copy$c0$5Uk
=700  1\$aBoyle, Kevin J.
=700  1\$aLeiserowitz, Anthony A.
=852  49$aBritish Library$bDSC$j6067.719500
=856  \\$3Volltext$uhttp://www.nber.org/papers/w17539$zDownload (PDF) via World Wide Web für Universität St. Gallen
=ACF  \\$aBritish Library not licensed to copy$c0$e01-apr-2013$hC$iCFP Excluded$5Uk
=ACF  \\$aBritish Library not licensed to copy$c0$e01-oct-2013$hC$iCFP Excluded$5Uk
=CAT  \\$a9504$b40$c20111213$lBLL01$h1127
=CAT  \\$aBATCH-CLA$b00$c20130429$lBLL01$h0154
=CAT  \\$aBATCH-CLA$b00$c20130508$lBLL01$h0739
=CAT  \\$aBATCH-CLA$b00$c20130630$lBLL01$h1631
=CAT  \\$aIPL-CLA$c20130701$lBLL01$h0148
=CAT  \\$aBATCH-CLA$b00$c20130929$lBLL01$h1620
=CAT  \\$aIPL-CLA$c20130930$lBLL01$h1813
=CAT  \\$aBATCH-CLA$b00$c20131202$lBLL01$h0339
=CAT  \\$aIPL-CLA$c20140101$lBLL01$h0154
=CAT  \\$aBATCH-CLA$b00$c20140327$lBLL01$h1831
=CAT  \\$aIPL-CLA$c20140331$lBLL01$h1640
=CAT  \\$aBATCH-UPD$b00$c20170210$lBLL01$h1153
=CFI  0\$aBritish Library not licensed to copy$c0$e01-apr-2014$hC$iCFP Excluded$5Uk
=CFI  2\$aBritish Library not licensed to copy$c0$e01-jan-2014$hC$iCFP Excluded$5Uk
=FMT  \\$a  BK
=LAS  \\$aBATCH-UPD$b00$c20170210$lBLL01$h1153
=SID  \\$aZ39$bOCLC
=TCO  \\$aTRS$bCCC$c008

