=LDR  02806 am a22005177a 4500
=001  015990398
=003  Uk
=005  20200206010515.0
=007  cr\||u||||||||
=008  111031s2011\\\\mau\\\\\\\\\\\000\0\eng\d
=035  \\$a(OCoLC)764248184
=040  \\$aSzZUIDS$bger$cCHVBK
=100  10$aBertrand, Marianne.
=245  14$aThe Trouble with Boys :$bSocial Influences and the Gender Gap in Disruptive Behavior /$cMarianne Bertrand, Jessica Pan.
=260  \\$aCambridge, Mass :$bNational Bureau of Economic Research,$c2011.
=336  \\$atext$2rdacontent
=337  \\$acomputer$2rdamedia
=338  \\$aonline resource$2rdacarrier
=490  0\$aNBER working paper series ;$v17541
=520  \\$aThis paper explores the importance of the home and school environments in explaining the gender gap in disruptive behavior. We document large differences in the gender gap across key features of the home environment - boys do especially poorly in broken families. In contrast, we find little impact of the early school environment on non-cognitive gaps. Differences in endowments explain a small part of boys' non-cognitive deficit in single-mother families. More importantly, non-cognitive returns to parental inputs differ markedly by gender. Broken families are associated with worse parental inputs and boys' non-cognitive development, unlike girls', appears extremely responsive to such inputs.
=540  \\$aBritish Library not licensed to copy$c0$5Uk
=700  1\$aPan, Jessica Yunfen.
=852  49$aBritish Library$bDSC$j6067.719500
=856  \\$3Volltext$uhttp://www.nber.org/papers/w17541$zDownload (PDF) via World Wide Web für Universität St. Gallen
=ACF  \\$aBritish Library not licensed to copy$c0$e01-apr-2013$hC$iCFP Excluded$5Uk
=ACF  \\$aBritish Library not licensed to copy$c0$e01-oct-2013$hC$iCFP Excluded$5Uk
=CAT  \\$a9504$b40$c20111213$lBLL01$h1129
=CAT  \\$aBATCH-CLA$b00$c20130429$lBLL01$h0154
=CAT  \\$aBATCH-CLA$b00$c20130508$lBLL01$h0739
=CAT  \\$aBATCH-CLA$b00$c20130630$lBLL01$h1631
=CAT  \\$aIPL-CLA$c20130701$lBLL01$h0148
=CAT  \\$aBATCH-CLA$b00$c20130929$lBLL01$h1620
=CAT  \\$aIPL-CLA$c20130930$lBLL01$h1813
=CAT  \\$aBATCH-CLA$b00$c20131202$lBLL01$h0339
=CAT  \\$aIPL-CLA$c20140101$lBLL01$h0154
=CAT  \\$aBATCH-CLA$b00$c20140327$lBLL01$h1831
=CAT  \\$aIPL-CLA$c20140331$lBLL01$h1640
=CAT  \\$aBATCH-UPD$b00$c20141125$lBLL01$h1540
=CAT  \\$aBATCH-UPD$b00$c20170210$lBLL01$h1148
=CAT  \\$a7416$b40$c20200205$lBLL01$h1132
=CAT  \\$aBATCH-CLA$b00$c20200206$lBLL01$h0105
=CFI  0\$aBritish Library not licensed to copy$c0$e01-apr-2014$hC$iCFP Excluded$5Uk
=FMT  \\$a  BK
=LAS  \\$aBATCH-CLA$b00$c20200206$lBLL01$h0105
=SID  \\$aZ39$bOCLC
=TCO  \\$aTRS$bCCC$c008

