=LDR  02817 am a22005057a 4500
=001  015990401
=003  Uk
=005  20111213113200.0
=007  cr\||u||||||||
=008  111031s2011\\\\mau\\\\\\\\\\\000\0\eng\d
=035  \\$a(OCoLC)764248240
=040  \\$aSzZUIDS$bger$cCHVBK
=100  1\$aFernández-Villaverde, Jesús.
=245  10$aSupply-Side Policies and the Zero Lower Bound /$cJesús Fernández-Villaverde, Pablo A. Guerrón-Quintana, Juan Rubio-Ramírez.
=260  \\$aCambridge, Mass :$bNational Bureau of Economic Research,$c2011.
=336  \\$atext$2rdacontent
=337  \\$acomputer$2rdamedia
=338  \\$aonline resource$2rdacarrier
=490  0\$aNBER working paper series ;$v17543
=520  \\$aThis paper examines how supply-side policies may play a role in fighting a low aggregate demand that traps an economy at the zero lower bound (ZLB) of nominal interest rates. Future increases in productivity or reductions in mark-ups triggered by supply-side policies generate a wealth effect that pulls current consumption and output up. Since the economy is at the ZLB, increases in the interest rates do not undo this wealth effect, as we will have in the case outside the ZLB. We illustrate this mechanism with a simple two-period New Keynesian model. We discuss possible objections to this set of policies and the relation of supply-side policies with more conventional monetary and fiscal policies.
=540  \\$aBritish Library not licensed to copy$c0$5Uk
=700  1\$aGuerron-Quintana, Pablo A.
=700  1\$aRubio-Ramírez, Juan.
=852  49$aBritish Library$bDSC$j6067.719500
=856  \\$3Volltext$uhttp://www.nber.org/papers/w17543$zDownload (PDF) via World Wide Web für Universität St. Gallen
=ACF  \\$aBritish Library not licensed to copy$c0$e01-apr-2013$hC$iCFP Excluded$5Uk
=ACF  \\$aBritish Library not licensed to copy$c0$e01-oct-2013$hC$iCFP Excluded$5Uk
=CAT  \\$a9504$b40$c20111213$lBLL01$h1132
=CAT  \\$aBATCH-CLA$b00$c20130429$lBLL01$h0154
=CAT  \\$aBATCH-CLA$b00$c20130508$lBLL01$h0739
=CAT  \\$aBATCH-CLA$b00$c20130630$lBLL01$h1631
=CAT  \\$aIPL-CLA$c20130701$lBLL01$h0148
=CAT  \\$aBATCH-CLA$b00$c20130929$lBLL01$h1620
=CAT  \\$aIPL-CLA$c20130930$lBLL01$h1813
=CAT  \\$aBATCH-CLA$b00$c20131202$lBLL01$h0339
=CAT  \\$aIPL-CLA$c20140101$lBLL01$h0154
=CAT  \\$aBATCH-CLA$b00$c20140327$lBLL01$h1831
=CAT  \\$aIPL-CLA$c20140331$lBLL01$h1640
=CAT  \\$aBATCH-UPD$b00$c20170210$lBLL01$h1149
=CFI  0\$aBritish Library not licensed to copy$c0$e01-apr-2014$hC$iCFP Excluded$5Uk
=CFI  2\$aBritish Library not licensed to copy$c0$e01-jan-2014$hC$iCFP Excluded$5Uk
=FMT  \\$a  BK
=LAS  \\$aBATCH-UPD$b00$c20170210$lBLL01$h1149
=SID  \\$aZ39$bOCLC
=TCO  \\$aTRS$bCCC$c008

