=LDR  03435 am a22005897a 4500
=001  015992435
=003  Uk
=005  20111215132751.0
=007  cr\||u||||||||
=008  111121s2011\\\\mau\\\\\\b\\\|0|0\0|eng\d
=035  \\$a(OCoLC)764327253
=040  \\$aSzZUIDS$bger$cCHVBK$dUk
=100  10$aLimão, Nuno.
=245  10$aSize inequality, coordination externalities and international trade agreements /$cNuno Limao, Kamal Saggi.
=260  \\$aCambridge, Mass :$bNational Bureau of Economic Research,$c2011.
=300  \\$a31 p. ;$c22 cm.
=336  \\$atext$2rdacontent
=337  \\$acomputer$2rdamedia
=338  \\$aonline resource$2rdacarrier
=490  1\$aNBER working paper series ;$vworking paper 17603
=504  \\$aIncludes bibliographical references.
=520  \\$aDeveloping countries now account for a significant fraction of both world trade and two thirds of the membership of the World Trade Organization (WTO). However, many are still individually small and thus have a limited ability to bilaterally extract and enforce trade concessions from larger developed economies even though as a group they would be able to do so. We show that this coordination externality generates asymmetric outcomes under agreements that rely on bilateral threats of trade retaliation. such as the WTO. but not under agreements extended to include certain financial instruments. In particular, we find that an extended agreement generates improvements in global efficiency and equity if it Includes the exchange of bonds prior to trading but not if it relies solely on ex-post fines. Moreover, a combination of bonds and fines generates similar improvements even if small countries are subject to financial constraints that prevent them from posting bonds.
=530  \\$aAlso available via the Internet.
=540  \\$aBritish Library not licensed to copy$c0$5Uk
=700  1\$aSaggi, Kamal.
=710  2\$aNational Bureau of Economic Research.
=830  \0$aWorking paper series (National Bureau of Economic Research) ;$vworking paper no. 17603.
=852  49$aBritish Library$bDSC$j6067.719500
=856  \\$3Volltext$uhttp://www.nber.org/papers/w17603$zDownload (PDF) via World Wide Web für Universität St. Gallen
=ACF  \\$aBritish Library not licensed to copy$c0$e01-apr-2013$hC$iCFP Excluded$5Uk
=ACF  \\$aBritish Library not licensed to copy$c0$e01-oct-2013$hC$iCFP Excluded$5Uk
=CAT  \\$a7164$b40$c20111214$lBLL01$h0747
=CAT  \\$a11250$b40$c20111215$lBLL01$h1327
=CAT  \\$aBATCH-CLA$b00$c20130429$lBLL01$h0154
=CAT  \\$aBATCH-CLA$b00$c20130508$lBLL01$h0739
=CAT  \\$aBATCH-CLA$b00$c20130630$lBLL01$h1631
=CAT  \\$aIPL-CLA$c20130701$lBLL01$h0149
=CAT  \\$aBATCH-CLA$b00$c20130929$lBLL01$h1620
=CAT  \\$aIPL-CLA$c20130930$lBLL01$h1813
=CAT  \\$aBATCH-CLA$b00$c20131202$lBLL01$h0339
=CAT  \\$aIPL-CLA$c20140101$lBLL01$h0154
=CAT  \\$aBATCH-CLA$b00$c20140327$lBLL01$h1831
=CAT  \\$aIPL-CLA$c20140331$lBLL01$h1640
=CAT  \\$aBATCH-UPD$b00$c20141125$lBLL01$h1545
=CAT  \\$aBATCH-UPD$b00$c20170210$lBLL01$h1151
=CFI  0\$aBritish Library not licensed to copy$c0$e01-apr-2014$hC$iCFP Excluded$5Uk
=CFI  2\$aBritish Library not licensed to copy$c0$e01-jan-2014$hC$iCFP Excluded$5Uk
=FIN  \\$aY$d20111215
=FMT  \\$a  BK
=LAS  \\$aBATCH-UPD$b00$c20170210$lBLL01$h1151
=SID  \\$aZ39$bOCLC
=TCO  \\$aTRS$bCCC$c008

