=LDR  03721 am a22005897a 4500
=001  015992437
=003  Uk
=005  20111215120156.0
=007  cr\||u||||||||
=008  111121s2011\\\\maua\\\\\b\\\|0|0\0|eng\d
=035  \\$a(OCoLC)764327269
=040  \\$aSzZUIDS$bger$cCHVBK$dUk
=100  10$aHarrigan, James.
=245  10$aSkill biased heterogeneous firms, trade liberalization, and the skill premium /$cJames Harrigan, Ariell Reshef.
=260  \\$aCambridge, Mass :$bNational Bureau of Economic Research,$c2011.
=300  \\$a48 p. :$bill. ;$c22 cm.
=336  \\$atext$2rdacontent
=337  \\$acomputer$2rdamedia
=338  \\$aonline resource$2rdacarrier
=490  1\$aNBER working paper series ;$vworking paper 17604
=504  \\$aIncludes bibliographical references.
=520  \\$aWe propose a theory that rising globalization and rising wage inequality are related because trade liberalization raises the demand for highly competitive skill-intensive firms. In our model, only the lowest-cost firms participate in the global economy exactly along the lines of Melitz (2003). In addition to differing in their productivity, firms in our model differ in their skill intensity. We model skill-biased technology as a correlation between skill intensity and technological acumen, and we estimate this correlation to be large using firm-level data from Chile in 1995. A fall in trade costs leads to both greater trade volumes and an increase in the relative demand for skill, as the lowest-cost/most-skilled firms expand to serve the export market while less skill-intensive non-exporters retrench in the face of increased import competition. This mechanism works regardless of factor endowment differences, so we provide an explanation for why globalization and wage inequality move together in both skill-abundant and skill-scarce countries. In our model countries are net exporters of the services of their abundant factor, but there are no Stolper-Samuelson effects because import competition affects all domestic firms equally.
=530  \\$aAlso available via the Internet.
=540  \\$aBritish Library not licensed to copy$c0$5Uk
=700  1\$aReshef, Ariell.
=710  2\$aNational Bureau of Economic Research.
=830  \0$aWorking paper series (National Bureau of Economic Research) ;$vworking paper no. 17604.
=852  49$aBritish Library$bDSC$j6067.719500
=856  \\$3Volltext$uhttp://www.nber.org/papers/w17604$zDownload (PDF) via World Wide Web für Universität St. Gallen
=ACF  \\$aBritish Library not licensed to copy$c0$e01-apr-2013$hC$iCFP Excluded$5Uk
=ACF  \\$aBritish Library not licensed to copy$c0$e01-oct-2013$hC$iCFP Excluded$5Uk
=CAT  \\$a7164$b40$c20111214$lBLL01$h0755
=CAT  \\$a11250$b40$c20111215$lBLL01$h1201
=CAT  \\$aBATCH-CLA$b00$c20130429$lBLL01$h0154
=CAT  \\$aBATCH-CLA$b00$c20130508$lBLL01$h0739
=CAT  \\$aBATCH-CLA$b00$c20130630$lBLL01$h1631
=CAT  \\$aIPL-CLA$c20130701$lBLL01$h0149
=CAT  \\$aBATCH-CLA$b00$c20130929$lBLL01$h1620
=CAT  \\$aIPL-CLA$c20130930$lBLL01$h1813
=CAT  \\$aBATCH-CLA$b00$c20131202$lBLL01$h0339
=CAT  \\$aIPL-CLA$c20140101$lBLL01$h0154
=CAT  \\$aBATCH-CLA$b00$c20140327$lBLL01$h1831
=CAT  \\$aIPL-CLA$c20140331$lBLL01$h1640
=CAT  \\$aBATCH-UPD$b00$c20141125$lBLL01$h1554
=CAT  \\$aBATCH-UPD$b00$c20170210$lBLL01$h1130
=CFI  0\$aBritish Library not licensed to copy$c0$e01-apr-2014$hC$iCFP Excluded$5Uk
=CFI  2\$aBritish Library not licensed to copy$c0$e01-jan-2014$hC$iCFP Excluded$5Uk
=FIN  \\$aY$d20111215
=FMT  \\$a  BK
=LAS  \\$aBATCH-UPD$b00$c20170210$lBLL01$h1130
=SID  \\$aZ39$bOCLC
=TCO  \\$aTRS$bCCC$c008

