=LDR  02765 am a22005057a 4500
=001  015992448
=003  Uk
=005  20111214083108.0
=007  cr\||u||||||||
=008  111114s2011\\\\mau\\\\\\\\\\\000\0\eng\d
=035  \\$a(OCoLC)764300197
=040  \\$aSzZUIDS$bger$cCHVBK
=100  1\$aGopinath, Gita.
=245  10$aTrade Prices and the Global Trade Collapse of 2008-2009 /$cGita Gopinath, Oleg Itskhoki, Brent Neiman.
=260  \\$aCambridge, Mass :$bNational Bureau of Economic Research,$c2011.
=336  \\$atext$2rdacontent
=337  \\$acomputer$2rdamedia
=338  \\$aonline resource$2rdacarrier
=490  0\$aNBER working paper series ;$v17594
=520  \\$aWe document the behavior of trade prices during the Great Trade Collapse of 2008-2009 using transaction-level data from the U.S. Bureau of Labor Statistics. First, we find that differentiated manufactures exhibited marked stability in their trade prices during the large decline in their trade volumes. Prices of non-differentiated manufactures, by contrast, declined sharply. Second, while the trade collapse was much steeper among differentiated durable manufacturers than among non-durables, prices in both categories barely changed. Third, despite this lack of movement in average price levels, the frequency and magnitude of price adjustments at the product level noticeably changed with the onset of the crisis.
=540  \\$aBritish Library not licensed to copy$c0$5Uk
=700  1\$aItskhoki, Oleg.
=700  1\$aNeiman, Brent.
=852  49$aBritish Library$bDSC$j6067.719500
=856  \\$3Volltext$uhttp://www.nber.org/papers/w17594$zDownload (PDF) via World Wide Web für Universität St. Gallen
=ACF  \\$aBritish Library not licensed to copy$c0$e01-apr-2013$hC$iCFP Excluded$5Uk
=ACF  \\$aBritish Library not licensed to copy$c0$e01-oct-2013$hC$iCFP Excluded$5Uk
=CAT  \\$a7164$b40$c20111214$lBLL01$h0831
=CAT  \\$aBATCH-CLA$b00$c20130429$lBLL01$h0154
=CAT  \\$aBATCH-CLA$b00$c20130508$lBLL01$h0739
=CAT  \\$aBATCH-CLA$b00$c20130630$lBLL01$h1631
=CAT  \\$aIPL-CLA$c20130701$lBLL01$h0149
=CAT  \\$aBATCH-CLA$b00$c20130929$lBLL01$h1620
=CAT  \\$aIPL-CLA$c20130930$lBLL01$h1813
=CAT  \\$aBATCH-CLA$b00$c20131202$lBLL01$h0339
=CAT  \\$aIPL-CLA$c20140101$lBLL01$h0154
=CAT  \\$aBATCH-CLA$b00$c20140327$lBLL01$h1831
=CAT  \\$aIPL-CLA$c20140331$lBLL01$h1640
=CAT  \\$aBATCH-UPD$b00$c20170210$lBLL01$h1130
=CFI  0\$aBritish Library not licensed to copy$c0$e01-apr-2014$hC$iCFP Excluded$5Uk
=CFI  2\$aBritish Library not licensed to copy$c0$e01-jan-2014$hC$iCFP Excluded$5Uk
=FMT  \\$a  BK
=LAS  \\$aBATCH-UPD$b00$c20170210$lBLL01$h1130
=SID  \\$aZ39$bOCLC
=TCO  \\$aTRS$bCCC$c008

