=LDR  03232 am a22005057a 4500
=001  015992458
=003  Uk
=005  20111214084953.0
=007  cr\||u||||||||
=008  111114s2011\\\\mau\\\\\\\\\\\000\0\eng\d
=035  \\$a(OCoLC)764300148
=040  \\$aSzZUIDS$bger$cCHVBK
=100  1\$aMullahy, John.
=245  10$aMarginal Effects in Multivariate Probit and Kindred Discrete and Count Outcome Models, with Applications in Health Economics /$cJohn Mullahy.
=260  \\$aCambridge, Mass :$bNational Bureau of Economic Research,$c2011.
=336  \\$atext$2rdacontent
=337  \\$acomputer$2rdamedia
=338  \\$aonline resource$2rdacarrier
=490  0\$aNBER working paper series ;$v17588
=520  \\$aEstimation of marginal or partial effects of covariates x on various conditional parameters or functionals is often the main target of applied microeconometric analysis. In the specific context of probit models such estimation is straightforward in univariate models, and Greene, 1996, 1998, has extended these results to cover the case of quadrant probability marginal effects in bivariate probit models. The purpose of this paper is to extend these results to the general multivariate probit context for arbitrary orthant probabilities and to demonstrate the applicability of such extensions in contexts of interest in health economics applications. The baseline results are extended to models that condition on subvectors of y, to count data structures that derive from the probability structure of y, to multivariate ordered probit data structures, and to multinomial probit models whose marginal effects turn out to be a special case of those of the multivariate probit model. Simulations reveal that analytical formulae versus fully numerical derivatives result in a reduction in computational time as well as an increase in accuracy.
=540  \\$aBritish Library not licensed to copy$c0$5Uk
=852  49$aBritish Library$bDSC$j6067.719500
=856  \\$3Volltext$uhttp://www.nber.org/papers/w17588$zDownload (PDF) via World Wide Web für Universität St. Gallen
=ACF  \\$aBritish Library not licensed to copy$c0$e01-apr-2013$hC$iCFP Excluded$5Uk
=ACF  \\$aBritish Library not licensed to copy$c0$e01-oct-2013$hC$iCFP Excluded$5Uk
=CAT  \\$a7164$b40$c20111214$lBLL01$h0849
=CAT  \\$aBATCH-CLA$b00$c20130429$lBLL01$h0154
=CAT  \\$aBATCH-CLA$b00$c20130508$lBLL01$h0739
=CAT  \\$aBATCH-CLA$b00$c20130630$lBLL01$h1631
=CAT  \\$aIPL-CLA$c20130701$lBLL01$h0149
=CAT  \\$aBATCH-CLA$b00$c20130929$lBLL01$h1620
=CAT  \\$aIPL-CLA$c20130930$lBLL01$h1813
=CAT  \\$aBATCH-CLA$b00$c20131202$lBLL01$h0339
=CAT  \\$aIPL-CLA$c20140101$lBLL01$h0154
=CAT  \\$aBATCH-CLA$b00$c20140327$lBLL01$h1831
=CAT  \\$aIPL-CLA$c20140331$lBLL01$h1640
=CAT  \\$aBATCH-UPD$b00$c20141125$lBLL01$h1545
=CAT  \\$aBATCH-UPD$b00$c20170210$lBLL01$h1151
=CAT  \\$aBATCH-UPD$b00$c20190202$lBLL01$h1718
=CAT  \\$aBATCH-CLA$b00$c20190203$lBLL01$h0109
=CFI  0\$aBritish Library not licensed to copy$c0$e01-apr-2014$hC$iCFP Excluded$5Uk
=FMT  \\$a  BK
=LAS  \\$aBATCH-CLA$b00$c20190203$lBLL01$h0109
=SID  \\$aZ39$bOCLC
=TCO  \\$aTRS$bCCC$c008

