=LDR  03355 am a22004937a 4500
=001  015992469
=003  Uk
=005  20111214090744.0
=007  cr\||u||||||||
=008  111114s2011\\\\mau\\\\\\\\\\\000\0\eng\d
=035  \\$a(OCoLC)764301361
=040  \\$aSzZUIDS$bger$cCHVBK
=100  1\$aPalladini, Giorgia.
=245  10$aSovereign CDS and Bond Pricing Dynamics in the Euro-area /$cGiorgia Palladini, Richard Portes.
=260  \\$aCambridge, Mass :$bNational Bureau of Economic Research,$c2011.
=336  \\$atext$2rdacontent
=337  \\$acomputer$2rdamedia
=338  \\$aonline resource$2rdacarrier
=490  0\$aNBER working paper series ;$v17586
=520  \\$aThis analysis tests the price discovery relationship between sovereign CDS premia and bond yield spreads on the same reference entity. The theoretical no-arbitrage relationship between the two credit spreads is confronted with daily data from six Euro-area countries over the period 2004-2011. As a first step, the supposed non stationarity of the two series is verified. Then, we examine whether the non-stationary CDS and bond spreads series are bound by a cointegration relationship. Overall the cointegration analysis confirms that the two prices should be equal to each other in equilibrium, as theory predicts. Nonetheless the theoretical value [1, -1] for the cointegrating vector is rejected, meaning that in the short run the cash and synthetic market's valuation of credit risk differ to various degrees. The VECM analysis suggests that the CDS market moves ahead of the bond market in terms of price discovery. These findings are further supported by the Granger Causality Test: for most sovereigns in the sample, past values of CDS spreads help to forecast bond yield spreads. Short-run deviations from the equilibrium persist longer than it would take for participants in one market to observe the price in the other. That is consistent with the hypothesis of imperfections in the arbitrage relationship between the two markets.
=540  \\$aBritish Library not licensed to copy$c0$5Uk
=700  1\$aPortes, Richard.
=852  49$aBritish Library$bDSC$j6067.719500
=856  \\$3Volltext$uhttp://www.nber.org/papers/w17586$zDownload (PDF) via World Wide Web für Universität St. Gallen
=ACF  \\$aBritish Library not licensed to copy$c0$e01-apr-2013$hC$iCFP Excluded$5Uk
=ACF  \\$aBritish Library not licensed to copy$c0$e01-oct-2013$hC$iCFP Excluded$5Uk
=CAT  \\$a7164$b40$c20111214$lBLL01$h0907
=CAT  \\$aBATCH-CLA$b00$c20130429$lBLL01$h0154
=CAT  \\$aBATCH-CLA$b00$c20130508$lBLL01$h0739
=CAT  \\$aBATCH-CLA$b00$c20130630$lBLL01$h1631
=CAT  \\$aIPL-CLA$c20130701$lBLL01$h0149
=CAT  \\$aBATCH-CLA$b00$c20130929$lBLL01$h1620
=CAT  \\$aIPL-CLA$c20130930$lBLL01$h1813
=CAT  \\$aBATCH-CLA$b00$c20131202$lBLL01$h0339
=CAT  \\$aIPL-CLA$c20140101$lBLL01$h0154
=CAT  \\$aBATCH-CLA$b00$c20140327$lBLL01$h1831
=CAT  \\$aIPL-CLA$c20140331$lBLL01$h1640
=CAT  \\$aBATCH-UPD$b00$c20170210$lBLL01$h1151
=CFI  0\$aBritish Library not licensed to copy$c0$e01-apr-2014$hC$iCFP Excluded$5Uk
=CFI  2\$aBritish Library not licensed to copy$c0$e01-jan-2014$hC$iCFP Excluded$5Uk
=FMT  \\$a  BK
=LAS  \\$aBATCH-UPD$b00$c20170210$lBLL01$h1151
=SID  \\$aZ39$bOCLC
=TCO  \\$aTRS$bCCC$c008

