=LDR  02856 am a22005057a 4500
=001  015992478
=003  Uk
=005  20130709101512.0
=007  cr\||u||||||||
=008  111107s2011\\\\mau\\\\\\\\\\\000\0\eng\d
=035  \\$a(OCoLC)764275362
=040  \\$aSzZUIDS$bger$cCHVBK
=100  1\$aAlvarez, Fernando E.
=245  10$aPersistent Liquidity Effects and Long Run Money Demand /$cFernando E. Alvarez, Francesco Lippi.
=260  \\$aCambridge, Mass :$bNational Bureau of Economic Research,$c2011.
=336  \\$atext$2rdacontent
=337  \\$acomputer$2rdamedia
=338  \\$aonline resource$2rdacarrier
=490  0\$aNBER working paper series ;$v17566
=520  \\$aWe present a monetary model in the presence of segmented asset markets that implies a persistent fall in interest rates after a once and for all increase in liquidity. The gradual propagation mechanism produced by our model is novel in the literature. We provide an analytical characterization of this mechanism, showing that the magnitude of the liquidity effect on impact, and its persistence, depend on the ratio of two parameters: the long-run interest rate elasticity of money demand and the intertemporal substitution elasticity. At the same time, the model has completely classical long-run predictions, featuring quantity theoretic and Fisherian properties. The model simultaneously explains the short-run "instability" of money demand estimates as-well-as the stability of long-run interest-elastic money demand.
=540  \\$aBritish Library not licensed to copy$c0$5Uk
=700  1\$aLippi, Francesco,$d1968-
=852  49$aBritish Library$bDSC$j6067.719500
=856  \\$3Volltext$uhttp://www.nber.org/papers/w17566$zDownload (PDF) via World Wide Web für Universität St. Gallen
=ACF  \\$aBritish Library not licensed to copy$c0$e01-oct-2013$hC$iCFP Excluded$5Uk
=CAT  \\$a7164$b40$c20111214$lBLL01$h0916
=CAT  \\$aBATCH-CLA$b00$c20130429$lBLL01$h0154
=CAT  \\$aBATCH-CLA$b00$c20130508$lBLL01$h0739
=CAT  \\$aBATCH-CLA$b00$c20130630$lBLL01$h1631
=CAT  \\$aIPL-CLA$c20130701$lBLL01$h0149
=CAT  \\$a6491$b40$c20130709$lBLL01$h1015
=CAT  \\$aBATCH-CLA$b00$c20130710$lBLL01$h0106
=CAT  \\$aBATCH-CLA$b00$c20130929$lBLL01$h1620
=CAT  \\$aIPL-CLA$c20130930$lBLL01$h1813
=CAT  \\$aBATCH-CLA$b00$c20131202$lBLL01$h0339
=CAT  \\$aIPL-CLA$c20140101$lBLL01$h0154
=CAT  \\$aBATCH-CLA$b00$c20140327$lBLL01$h1831
=CAT  \\$aIPL-CLA$c20140331$lBLL01$h1640
=CAT  \\$aBATCH-UPD$b00$c20170210$lBLL01$h1151
=CFI  0\$aBritish Library not licensed to copy$c0$e01-apr-2014$hC$iCFP Excluded$5Uk
=CFI  2\$aBritish Library not licensed to copy$c0$e01-jan-2014$hC$iCFP Excluded$5Uk
=FMT  \\$a  BK
=LAS  \\$aBATCH-UPD$b00$c20170210$lBLL01$h1151
=SID  \\$aZ39$bOCLC
=TCO  \\$aTRS$bCCC$c008

