=LDR  02976 am a22004817a 4500
=001  015992497
=003  Uk
=005  20111214093828.0
=007  cr\||u||||||||
=008  111107s2011\\\\mau\\\\\\\\\\\000\0\eng\d
=035  \\$a(OCoLC)764275177
=040  \\$aSzZUIDS$bger$cCHVBK
=100  1\$aAcharya, Viral V.
=245  12$aA Transparency Standard for Derivatives /$cViral V. Acharya.
=260  \\$aCambridge, Mass :$bNational Bureau of Economic Research,$c2011.
=336  \\$atext$2rdacontent
=337  \\$acomputer$2rdamedia
=338  \\$aonline resource$2rdacarrier
=490  0\$aNBER working paper series ;$v17558
=520  \\$aDerivatives exposures across large financial institutions often contribute to - if not necessarily create - systemic risk. Current reporting standards for derivatives exposures are nevertheless inadequate for assessing these systemic risk contributions. In this paper, I explain how a transparency standard, in contrast to the current standard, would facilitate such risk analysis. I also demonstrate that such a standard is implementable by providing examples of existing disclosures from large dealer firms in their quarterly filings. These disclosures often contain useful firm-level data on derivatives, but due to a lack of standardization, they cannot be aggregated to assess the risk to the system. I highlight the important contribution that reporting the "margin coverage ratio" (MCR), namely the ratio of a derivatives dealer's cash (or liquidity, more broadly) to its contingent collateral or margin calls in case of a significant downgrade of its credit quality, could make toward assessing systemic risk contributions.
=540  \\$aBritish Library not licensed to copy$c0$5Uk
=852  49$aBritish Library$bDSC$j6067.719500
=856  \\$3Volltext$uhttp://www.nber.org/papers/w17558$zDownload (PDF) via World Wide Web für Universität St. Gallen
=ACF  \\$aBritish Library not licensed to copy$c0$e01-apr-2013$hC$iCFP Excluded$5Uk
=ACF  \\$aBritish Library not licensed to copy$c0$e01-oct-2013$hC$iCFP Excluded$5Uk
=CAT  \\$a7164$b40$c20111214$lBLL01$h0938
=CAT  \\$aBATCH-CLA$b00$c20130429$lBLL01$h0154
=CAT  \\$aBATCH-CLA$b00$c20130508$lBLL01$h0739
=CAT  \\$aBATCH-CLA$b00$c20130630$lBLL01$h1631
=CAT  \\$aIPL-CLA$c20130701$lBLL01$h0149
=CAT  \\$aBATCH-CLA$b00$c20130929$lBLL01$h1620
=CAT  \\$aIPL-CLA$c20130930$lBLL01$h1813
=CAT  \\$aBATCH-CLA$b00$c20131202$lBLL01$h0339
=CAT  \\$aIPL-CLA$c20140101$lBLL01$h0154
=CAT  \\$aBATCH-CLA$b00$c20140327$lBLL01$h1831
=CAT  \\$aIPL-CLA$c20140331$lBLL01$h1640
=CAT  \\$aBATCH-UPD$b00$c20170210$lBLL01$h1151
=CFI  0\$aBritish Library not licensed to copy$c0$e01-apr-2014$hC$iCFP Excluded$5Uk
=CFI  2\$aBritish Library not licensed to copy$c0$e01-jan-2014$hC$iCFP Excluded$5Uk
=FMT  \\$a  BK
=LAS  \\$aBATCH-UPD$b00$c20170210$lBLL01$h1151
=SID  \\$aZ39$bOCLC
=TCO  \\$aTRS$bCCC$c008

