=LDR  02844 am a22005057a 4500
=001  015992524
=003  Uk
=005  20111214103149.0
=007  cr\||u||||||||
=008  111031s2011\\\\mau\\\\\\\\\\\000\0\eng\d
=035  \\$a(OCoLC)764248722
=040  \\$aSzZUIDS$bger$cCHVBK
=100  1\$aFajgelbaum, Pablo D.
=245  12$aA Linder Hypothesis for Foreign Direct Investment /$cPablo D. Fajgelbaum, Gene M. Grossman, Elhanan Helpman.
=260  \\$aCambridge, Mass :$bNational Bureau of Economic Research,$c2011.
=336  \\$atext$2rdacontent
=337  \\$acomputer$2rdamedia
=338  \\$aonline resource$2rdacarrier
=490  0\$aNBER working paper series ;$v17550
=520  \\$aWe study patterns of FDI in a multi-country world economy. First, we present evidence for a broad sample of countries that firms direct FDI disproportionately to markets with income levels similar to their home market. Then we develop a model featuring non-homothetic preferences for quality and monopolistic competition in which specialization is purely demand-driven and the decision to serve foreign countries via exports or FDI depends on a proximity-concentration trade-off. We characterize the joint patterns of trade and FDI when countries differ in income distribution and size and show that FDI is more likely to occur between countries with similar per capita income levels. The model predicts a Linder Hypothesis for FDI, consistent with the patterns found in the data.
=540  \\$aBritish Library not licensed to copy$c0$5Uk
=700  1\$aGrossman, Gene M.
=700  1\$aHelpman, Elhanan.
=852  49$aBritish Library$bDSC$j6067.719500
=856  \\$3Volltext$uhttp://www.nber.org/papers/w17550$zDownload (PDF) via World Wide Web für Universität St. Gallen
=ACF  \\$aBritish Library not licensed to copy$c0$e01-apr-2013$hC$iCFP Excluded$5Uk
=ACF  \\$aBritish Library not licensed to copy$c0$e01-oct-2013$hC$iCFP Excluded$5Uk
=CAT  \\$a7164$b40$c20111214$lBLL01$h1031
=CAT  \\$aBATCH-CLA$b00$c20130429$lBLL01$h0154
=CAT  \\$aBATCH-CLA$b00$c20130508$lBLL01$h0739
=CAT  \\$aBATCH-CLA$b00$c20130630$lBLL01$h1631
=CAT  \\$aIPL-CLA$c20130701$lBLL01$h0149
=CAT  \\$aBATCH-CLA$b00$c20130929$lBLL01$h1620
=CAT  \\$aIPL-CLA$c20130930$lBLL01$h1813
=CAT  \\$aBATCH-CLA$b00$c20131202$lBLL01$h0339
=CAT  \\$aIPL-CLA$c20140101$lBLL01$h0154
=CAT  \\$aBATCH-CLA$b00$c20140327$lBLL01$h1831
=CAT  \\$aIPL-CLA$c20140331$lBLL01$h1640
=CAT  \\$aBATCH-UPD$b00$c20170210$lBLL01$h1151
=CFI  0\$aBritish Library not licensed to copy$c0$e01-apr-2014$hC$iCFP Excluded$5Uk
=CFI  2\$aBritish Library not licensed to copy$c0$e01-jan-2014$hC$iCFP Excluded$5Uk
=FMT  \\$a  BK
=LAS  \\$aBATCH-UPD$b00$c20170210$lBLL01$h1151
=SID  \\$aZ39$bOCLC
=TCO  \\$aTRS$bCCC$c008

