=LDR  03563 am a22004937a 4500
=001  015992532
=003  Uk
=005  20111214104402.0
=007  cr\||u||||||||
=008  111031s2011\\\\mau\\\\\\\\\\\000\0\eng\d
=035  \\$a(OCoLC)764248250
=040  \\$aSzZUIDS$bger$cCHVBK
=100  1\$aWeisbrod, Aaron.
=245  14$aThe Contribution of Chinese FDI to Africa's Pre Crisis Growth Surge /$cAaron Weisbrod, John Whalley.
=260  \\$aCambridge, Mass :$bNational Bureau of Economic Research,$c2011.
=336  \\$atext$2rdacontent
=337  \\$acomputer$2rdamedia
=338  \\$aonline resource$2rdacarrier
=490  0\$aNBER working paper series ;$v17544
=520  \\$aIn the 3 years before the 2008 Financial Crisis, GDP growth in sub Saharan Africa (averaged over individual economies) was around 6%, or 2 percentage points above mean growth rates for the preceding 10 years. This period also coincided with significant Chinese FDI flows into these countries, accounting for up to 10% of total inward FDI flows for certain countries in these years. We use growth accounting methods to assess what portion of this elevated growth can be attributed to Chinese inward FDI. We follow Solow (1957), Dennison (1962), and others and use data for individual economies between 1990 and 2008 to calculate Solow residuals for these years for individual economies. We use capital stock data, workforce, and factor share data by country. Capital stock data is unavailable directly, and so we use perpetual inventory methods to construct the data. Factor shares come from UN National Accounts data. We then run counterfactual growth accounting experiments for thirteen Sub-Saharan African countries excluding Chinese FDI inflows for 2005-2007 and also 2003-2009. Our individual results vary by year and country, but there are several year/country combinations where Chinese FDI contributed to an additional one half of a percentage point or above to GDP growth. These results suggest that a significant, even if in some cases small, portion of the elevated growth in sub Saharan Africa in the three years before the Financial Crisis and also in the two years afterwards (2008-2009) can be attributed to Chinese inward investment.
=540  \\$aBritish Library not licensed to copy$c0$5Uk
=700  1\$aWhalley, John.
=852  49$aBritish Library$bDSC$j6067.719500
=856  \\$3Volltext$uhttp://www.nber.org/papers/w17544$zDownload (PDF) via World Wide Web für Universität St. Gallen
=ACF  \\$aBritish Library not licensed to copy$c0$e01-apr-2013$hC$iCFP Excluded$5Uk
=ACF  \\$aBritish Library not licensed to copy$c0$e01-oct-2013$hC$iCFP Excluded$5Uk
=CAT  \\$a7164$b40$c20111214$lBLL01$h1044
=CAT  \\$aBATCH-CLA$b00$c20130429$lBLL01$h0154
=CAT  \\$aBATCH-CLA$b00$c20130508$lBLL01$h0739
=CAT  \\$aBATCH-CLA$b00$c20130630$lBLL01$h1631
=CAT  \\$aIPL-CLA$c20130701$lBLL01$h0149
=CAT  \\$aBATCH-CLA$b00$c20130929$lBLL01$h1620
=CAT  \\$aIPL-CLA$c20130930$lBLL01$h1813
=CAT  \\$aBATCH-CLA$b00$c20131202$lBLL01$h0339
=CAT  \\$aIPL-CLA$c20140101$lBLL01$h0154
=CAT  \\$aBATCH-CLA$b00$c20140327$lBLL01$h1831
=CAT  \\$aIPL-CLA$c20140331$lBLL01$h1640
=CAT  \\$aBATCH-UPD$b00$c20170210$lBLL01$h1151
=CFI  0\$aBritish Library not licensed to copy$c0$e01-apr-2014$hC$iCFP Excluded$5Uk
=CFI  2\$aBritish Library not licensed to copy$c0$e01-jan-2014$hC$iCFP Excluded$5Uk
=FMT  \\$a  BK
=LAS  \\$aBATCH-UPD$b00$c20170210$lBLL01$h1151
=SID  \\$aZ39$bOCLC
=TCO  \\$aTRS$bCCC$c008

