=LDR  03246 am a22005177a 4500
=001  015992541
=003  Uk
=005  20111214105420.0
=007  cr\||u||||||||
=008  111031s2011\\\\mau\\\\\\\\\\\000\0\eng\d
=035  \\$a(OCoLC)764247630
=040  \\$aSzZUIDS$bger$cCHVBK
=100  1\$aWhelan, Kenneth T.
=245  10$aAdverse Selection and Incentives in an Early Retirement Program /$cKenneth T. Whelan, Ronald G. Ehrenberg, Kevin F. Hallock, Ronald L. Seeber.
=260  \\$aCambridge, Mass :$bNational Bureau of Economic Research,$c2011.
=336  \\$atext$2rdacontent
=337  \\$acomputer$2rdamedia
=338  \\$aonline resource$2rdacarrier
=490  0\$aNBER working paper series ;$v17538
=520  \\$aWe evaluate potential determinants of enrollment in an early retirement incentive program for non-tenure-track employees of a large university. Using administrative record on the eligible population of employees not covered by collective bargaining agreements, historical employee count and layoff data by budget units, and public information on unit budgets, we find dips in per-employee finance in a budget unit during the application year and higher recent per employee layoffs were associated with increased probabiliites of eligible employee program enrollment. Our results also suggest, on average, that employees whose salaries are lower than we would predict given their personal characteristics and job titles were more likely to enroll in the early retirement program. To the extent that employees' compensation reflects their productivity, as it should under a pay system in which annual salary increases are based on merit, this finidng suggests that adverse selection was not a problem with the program. That is, we find no evidence that on average the "most productive" employees took the incentive.
=540  \\$aBritish Library not licensed to copy$c0$5Uk
=700  1\$aEhrenberg, Ronald G.
=700  1\$aHallock, Kevin F.
=700  1\$aSeeber, Ronald L.
=852  49$aBritish Library$bDSC$j6067.719500
=856  \\$3Volltext$uhttp://www.nber.org/papers/w17538$zDownload (PDF) via World Wide Web für Universität St. Gallen
=ACF  \\$aBritish Library not licensed to copy$c0$e01-apr-2013$hC$iCFP Excluded$5Uk
=ACF  \\$aBritish Library not licensed to copy$c0$e01-oct-2013$hC$iCFP Excluded$5Uk
=CAT  \\$a7164$b40$c20111214$lBLL01$h1054
=CAT  \\$aBATCH-CLA$b00$c20130429$lBLL01$h0154
=CAT  \\$aBATCH-CLA$b00$c20130508$lBLL01$h0739
=CAT  \\$aBATCH-CLA$b00$c20130630$lBLL01$h1631
=CAT  \\$aIPL-CLA$c20130701$lBLL01$h0149
=CAT  \\$aBATCH-CLA$b00$c20130929$lBLL01$h1620
=CAT  \\$aIPL-CLA$c20130930$lBLL01$h1813
=CAT  \\$aBATCH-CLA$b00$c20131202$lBLL01$h0339
=CAT  \\$aIPL-CLA$c20140101$lBLL01$h0154
=CAT  \\$aBATCH-CLA$b00$c20140327$lBLL01$h1831
=CAT  \\$aIPL-CLA$c20140331$lBLL01$h1640
=CAT  \\$aBATCH-UPD$b00$c20170210$lBLL01$h1151
=CFI  0\$aBritish Library not licensed to copy$c0$e01-apr-2014$hC$iCFP Excluded$5Uk
=CFI  2\$aBritish Library not licensed to copy$c0$e01-jan-2014$hC$iCFP Excluded$5Uk
=FMT  \\$a  BK
=LAS  \\$aBATCH-UPD$b00$c20170210$lBLL01$h1151
=SID  \\$aZ39$bOCLC
=TCO  \\$aTRS$bCCC$c008

