=LDR  03056 am a22005057a 4500
=001  015992545
=003  Uk
=005  20111214105837.0
=007  cr\||u||||||||
=008  111031s2011\\\\mau\\\\\\\\\\\000\0\eng\d
=035  \\$a(OCoLC)764248488
=040  \\$aSzZUIDS$bger$cCHVBK
=100  1\$aJeske, Karsten.
=245  10$aHousing and the Macroeconomy :$bThe Role of Bailout Guarantees for Government Sponsored Enterprises /$cKarsten Jeske, Dirk Krueger, Kurt Mitman.
=260  \\$aCambridge, Mass :$bNational Bureau of Economic Research,$c2011.
=336  \\$atext$2rdacontent
=337  \\$acomputer$2rdamedia
=338  \\$aonline resource$2rdacarrier
=490  0\$aNBER working paper series ;$v17537
=520  \\$aThis paper evaluates the macroeconomic and distributional effects of government bailout guarantees for Government Sponsored Enterprises (such as Fannie Mae and Freddy Mac) in the mortgage market. In order to do so we construct a model with heterogeneous, infinitely lived households and competitive housing and mortgage markets. Households have the option to default on their mortgages, with the consequence of having their homes foreclosed. We model the bailout guarantee as a government provided and tax-financed mortgage interest rate subsidy. We find that eliminating this subsidy leads to substantially lower equilibrium mortgage origination and increases aggregate welfare, but has little effect on foreclosure rates and housing investment. The interest rate subsidy is a regressive policy: eliminating it benefits low-income and low-asset households who did not own homes or had small mortgages, while lowering the welfare of high-income, high-asset households.
=540  \\$aBritish Library not licensed to copy$c0$5Uk
=700  1\$aKrueger, Dirk.
=700  1\$aMitman, Kurt.
=852  49$aBritish Library$bDSC$j6067.719500
=856  \\$3Volltext$uhttp://www.nber.org/papers/w17537$zDownload (PDF) via World Wide Web für Universität St. Gallen
=ACF  \\$aBritish Library not licensed to copy$c0$e01-apr-2013$hC$iCFP Excluded$5Uk
=ACF  \\$aBritish Library not licensed to copy$c0$e01-oct-2013$hC$iCFP Excluded$5Uk
=CAT  \\$a7164$b40$c20111214$lBLL01$h1058
=CAT  \\$aBATCH-CLA$b00$c20130429$lBLL01$h0154
=CAT  \\$aBATCH-CLA$b00$c20130508$lBLL01$h0739
=CAT  \\$aBATCH-CLA$b00$c20130630$lBLL01$h1631
=CAT  \\$aIPL-CLA$c20130701$lBLL01$h0149
=CAT  \\$aBATCH-CLA$b00$c20130929$lBLL01$h1620
=CAT  \\$aIPL-CLA$c20130930$lBLL01$h1813
=CAT  \\$aBATCH-CLA$b00$c20131202$lBLL01$h0339
=CAT  \\$aIPL-CLA$c20140101$lBLL01$h0154
=CAT  \\$aBATCH-CLA$b00$c20140327$lBLL01$h1831
=CAT  \\$aIPL-CLA$c20140331$lBLL01$h1640
=CAT  \\$aBATCH-UPD$b00$c20170210$lBLL01$h1149
=CFI  0\$aBritish Library not licensed to copy$c0$e01-apr-2014$hC$iCFP Excluded$5Uk
=CFI  2\$aBritish Library not licensed to copy$c0$e01-jan-2014$hC$iCFP Excluded$5Uk
=FMT  \\$a  BK
=LAS  \\$aBATCH-UPD$b00$c20170210$lBLL01$h1149
=SID  \\$aZ39$bOCLC
=TCO  \\$aTRS$bCCC$c008

