=LDR  03129 am a22005537a 4500
=001  015992568
=003  Uk
=005  20120210093119.0
=007  cr\||u||||||||
=008  111107s2011\\\\maua\\\\\b\\\|0|0\0|eng\d
=035  \\$a(OCoLC)764274737
=040  \\$aSzZUIDS$bger$cCHVBK$dUk
=100  1\$aAngeletos, Marios.
=245  10$aOptimal monetary policy with informational frictions /$cGeorge-Marios Angeletos, Jennifer La'O.
=260  \\$aCambridge, Mass :$bNational Bureau of Economic Research,$c2011.
=300  \\$a44 p. :$bill. ;$c21 cm.
=336  \\$atext$2rdacontent
=337  \\$acomputer$2rdamedia
=338  \\$aonline resource$2rdacarrier
=490  1\$aNBER working paper series ;$vworking paper 17525
=504  \\$aIncludes bibliographical references.
=520  \\$aWe study optimal monetary policy in an environment in which firms' pricing and production decisions are subject to informational frictions. Our framework accommodates multiple formalizations of these frictions, including dispersed private information, sticky information, and certain forms of inattention. An appropriate notion of constrained efficiency is analyzed alongside the Ramsey policy problem. Similarly to the New-Keynesian paradigm, efficiency obtains with a subsidy that removes the monopoly distortion and a monetary policy that replicates flexible-price allocations. Nevertheless, "divine coincidence" breaks down and full price stability is no more optimal. Rather, the optimal policy is to "lean against the wind", that is, to target a negative correlation between the price level and real economic activity.
=540  \\$aBritish Library not licensed to copy$c0$5Uk
=700  1\$aLa'O, Jennifer.
=830  \0$aWorking paper series (National Bureau of Economic Research) ;$vworking paper no. 17525.
=852  49$aBritish Library$bDSC$j6067.719500
=856  \\$3Volltext$uhttp://www.nber.org/papers/w17525$zDownload (PDF) via World Wide Web für Universität St. Gallen
=ACF  \\$aBritish Library not licensed to copy$c0$e01-apr-2013$hC$iCFP Excluded$5Uk
=ACF  \\$aBritish Library not licensed to copy$c0$e01-oct-2013$hC$iCFP Excluded$5Uk
=CAT  \\$a7164$b40$c20111214$lBLL01$h1118
=CAT  \\$a11250$b40$c20120210$lBLL01$h0931
=CAT  \\$aBATCH-CLA$b00$c20130429$lBLL01$h0154
=CAT  \\$aBATCH-CLA$b00$c20130508$lBLL01$h0739
=CAT  \\$aBATCH-CLA$b00$c20130630$lBLL01$h1631
=CAT  \\$aIPL-CLA$c20130701$lBLL01$h0149
=CAT  \\$aBATCH-CLA$b00$c20130929$lBLL01$h1620
=CAT  \\$aIPL-CLA$c20130930$lBLL01$h1813
=CAT  \\$aBATCH-CLA$b00$c20131202$lBLL01$h0339
=CAT  \\$aIPL-CLA$c20140101$lBLL01$h0154
=CAT  \\$aBATCH-CLA$b00$c20140327$lBLL01$h1831
=CAT  \\$aIPL-CLA$c20140331$lBLL01$h1640
=CAT  \\$aBATCH-UPD$b00$c20170210$lBLL01$h1151
=CFI  0\$aBritish Library not licensed to copy$c0$e01-apr-2014$hC$iCFP Excluded$5Uk
=CFI  2\$aBritish Library not licensed to copy$c0$e01-jan-2014$hC$iCFP Excluded$5Uk
=FIN  \\$aY$d20120210
=FMT  \\$a  BK
=LAS  \\$aBATCH-UPD$b00$c20170210$lBLL01$h1151
=SID  \\$aZ39$bOCLC
=TCO  \\$aTRS$bCCC$c008

