=LDR  02264 am a22005417a 4500
=001  016016530
=003  Uk
=005  20120126151648.0
=008  111107s2011\\\\maua\\\\\b\\\\000\0\eng\d
=035  \\$a(OCoLC)764275184
=040  \\$aSzZUIDS$bger$cCHVBK$dUk
=100  1\$aLiu, Runjuan.
=245  12$aA sorted tale of globalization :$bwhite collar jobs and the rise of service offshoring /$cRunjuan Liu, Daniel Trefler.
=260  \\$aCambridge, Mass :$bNational Bureau of Economic Research,$c2011.
=300  \\$a52, [13] p. :$bill. ;$c22 cm.
=336  \\$atext$2rdacontent
=337  \\$aunmediated$2rdamedia
=338  \\$avolume$2rdacarrier
=490  0\$aNBER working paper series ;$v17559
=504  \\$aIncludes bibliographical references.
=540  \\$aBritish Library not licensed to copy$c0$5Uk
=700  1\$aTrefler, Daniel.
=710  2\$aNational Bureau of Economic Research.
=852  49$aBritish Library$bDSC$j6067.719500
=856  \\$3Volltext$uhttp://www.nber.org/papers/w17559$zDownload (PDF) via World Wide Web für Universität St. Gallen
=ACF  \\$aBritish Library not licensed to copy$c0$e01-apr-2013$hC$iCFP Excluded$5Uk
=ACF  \\$aBritish Library not licensed to copy$c0$e01-oct-2013$hC$iCFP Excluded$5Uk
=CAT  \\$a7164$b40$c20120125$lBLL01$h1352
=CAT  \\$a11070$b40$c20120126$lBLL01$h1449
=CAT  \\$a11070$b40$c20120126$lBLL01$h1516
=CAT  \\$aBATCH-CLA$b00$c20130429$lBLL01$h0154
=CAT  \\$aBATCH-CLA$b00$c20130508$lBLL01$h0739
=CAT  \\$aBATCH-CLA$b00$c20130630$lBLL01$h1631
=CAT  \\$aIPL-CLA$c20130701$lBLL01$h0149
=CAT  \\$aBATCH-CLA$b00$c20130929$lBLL01$h1620
=CAT  \\$aIPL-CLA$c20130930$lBLL01$h1813
=CAT  \\$aBATCH-CLA$b00$c20131202$lBLL01$h0339
=CAT  \\$aIPL-CLA$c20140101$lBLL01$h0156
=CAT  \\$aBATCH-CLA$b00$c20140327$lBLL01$h1831
=CAT  \\$aIPL-CLA$c20140331$lBLL01$h1640
=CAT  \\$aBATCH-UPD$b00$c20170210$lBLL01$h1141
=CFI  0\$aBritish Library not licensed to copy$c0$e01-apr-2014$hC$iCFP Excluded$5Uk
=CFI  2\$aBritish Library not licensed to copy$c0$e01-jan-2014$hC$iCFP Excluded$5Uk
=FIN  \\$aY$d20120126
=FMT  \\$a  BK
=LAS  \\$aBATCH-UPD$b00$c20170210$lBLL01$h1141
=SID  \\$aZ39$bOCLC
=TCO  \\$aTRS$bCCC$c008

