=LDR  03102 am a22005777a 4500
=001  016016604
=003  Uk
=005  20120126141758.0
=007  cr\||u||||||||
=008  111121s2011\\\\maua\\\\\b\\\|0|0\0|eng\d
=035  \\$a(OCoLC)764326127
=040  \\$aSzZUIDS$bger$cCHVBK$dUk
=100  1\$aEichengreen, Barry J.
=245  14$aThe external impact of China's exchange rate policy :$bevidence from firm level data /$cBarry Eichengreen, Hui Tong.
=260  \\$aCambridge, Mass :$bNational Bureau of Economic Research,$c2011.
=300  \\$a42 p. :$bill. ;$c22 cm.
=336  \\$atext$2rdacontent
=337  \\$acomputer$2rdamedia
=338  \\$aonline resource$2rdacarrier
=490  1\$aNBER working paper series ;$vworking paper 17593
=504  \\$aIncludes bibliographical references.
=520  \\$aWe examine the impact of renminbi revaluation on firm valuations, considering two surprise announcements of changes in China's exchange rate policy in 2005 and 2010 and data on 6,050 firms in 44 countries. Renminbi appreciation has a positive effect on firms exporting to China but little positive or even a negative impact on those providing inputs for China's processing exports. Stock prices rise for firms competing with China in their home market while falling for firms importing Chinese products with large imported-input content. Renminbi appreciation also reduces the valuation of financially-constrained firms, particularly in more financially integrated countries.
=530  \\$aAlso available via the Internet.
=540  \\$aBritish Library not licensed to copy$c0$5Uk
=700  1\$aTong, Hui.
=710  2\$aNational Bureau of Economic Research.
=830  \0$aWorking paper series (National Bureau of Economic Research) ;$vworking paper no. 17593.
=852  49$aBritish Library$bDSC$j6067.719500
=856  \\$3Volltext$uhttp://www.nber.org/papers/w17593$zDownload (PDF) via World Wide Web für Universität St. Gallen
=ACF  \\$aBritish Library not licensed to copy$c0$e01-apr-2013$hC$iCFP Excluded$5Uk
=ACF  \\$aBritish Library not licensed to copy$c0$e01-oct-2013$hC$iCFP Excluded$5Uk
=CAT  \\$a7164$b40$c20120125$lBLL01$h1440
=CAT  \\$a11250$b40$c20120126$lBLL01$h1417
=CAT  \\$aBATCH-CLA$b00$c20130429$lBLL01$h0154
=CAT  \\$aBATCH-CLA$b00$c20130508$lBLL01$h0739
=CAT  \\$aBATCH-CLA$b00$c20130630$lBLL01$h1631
=CAT  \\$aIPL-CLA$c20130701$lBLL01$h0149
=CAT  \\$aBATCH-CLA$b00$c20130929$lBLL01$h1620
=CAT  \\$aIPL-CLA$c20130930$lBLL01$h1813
=CAT  \\$aBATCH-CLA$b00$c20131202$lBLL01$h0339
=CAT  \\$aIPL-CLA$c20140101$lBLL01$h0156
=CAT  \\$aBATCH-CLA$b00$c20140327$lBLL01$h1831
=CAT  \\$aIPL-CLA$c20140331$lBLL01$h1640
=CAT  \\$aBATCH-UPD$b00$c20170210$lBLL01$h1131
=CFI  0\$aBritish Library not licensed to copy$c0$e01-apr-2014$hC$iCFP Excluded$5Uk
=CFI  2\$aBritish Library not licensed to copy$c0$e01-jan-2014$hC$iCFP Excluded$5Uk
=FIN  \\$aY$d20120126
=FMT  \\$a  BK
=LAS  \\$aBATCH-UPD$b00$c20170210$lBLL01$h1131
=SID  \\$aZ39$bOCLC
=TCO  \\$aTRS$bCCC$c008

