=LDR  03379 am a22005777a 4500
=001  016017033
=003  Uk
=005  20120210104047.0
=007  cr\||u||||||||
=008  111107s2011\\\\maua\\\\\b\\\|0|0\0|eng\d
=035  \\$a(OCoLC)764275315
=040  \\$aSzZUIDS$bger$cCHVBK$dUk
=100  1\$aCoeurdacier, Nicolas.
=245  10$aWhen bonds matter :$bhome bias in goods and assets /$cNicolas Coeurdacier, Pierre-Olivier Gourinchas.
=260  \\$aCambridge, Mass :$bNational Bureau of Economic Research,$c2011.
=300  \\$a61 p. :$bill. ;$c21 cm.
=336  \\$atext$2rdacontent
=337  \\$acomputer$2rdamedia
=338  \\$aonline resource$2rdacarrier
=490  1\$aNBER working paper series ;$vworking paper 17560
=504  \\$aIncludes bibliographical references.
=520  \\$aThis paper presents a model of international portfolios with real exchange rate and non financial risks that accounts for observed levels of equity home bias. A key feature is that investors can trade equities as well as domestic and foreign real bonds. Bonds matter: in equilibrium, investors structure their bond portfolio to hedge real exchange rate risk since relative bond returns are strongly correlated with real exchange rate movements. Equity home bias does not arise from the co-movements between relative stock returns and real exchange rates, but from the hedging properties of stock returns against other sources of risk, conditionally on bond returns. We estimate the optimal equity and bond portfolios implied by the model for G-7 countries and find strong empirical support for the theory. We are able to account for a significant share of the equity home bias and obtain a currency exposure of bond portfolios comparable to the data.
=530  \\$aAlso available via the Internet.
=540  \\$aBritish Library not licensed to copy$c0$5Uk
=700  1\$aGourinchas, Pierre-Olivier.
=710  2\$aNational Bureau of Economic Research.
=830  \0$aWorking paper series (National Bureau of Economic Research) ;$vworking paper no. 17560.
=852  49$aBritish Library$bDSC$j6067.719500
=856  \\$3Volltext$uhttp://www.nber.org/papers/w17560$zDownload (PDF) via World Wide Web für Universität St. Gallen
=ACF  \\$aBritish Library not licensed to copy$c0$e01-apr-2013$hC$iCFP Excluded$5Uk
=ACF  \\$aBritish Library not licensed to copy$c0$e01-oct-2013$hC$iCFP Excluded$5Uk
=CAT  \\$a7164$b40$c20120126$lBLL01$h1310
=CAT  \\$a11250$b40$c20120210$lBLL01$h1040
=CAT  \\$aBATCH-CLA$b00$c20130429$lBLL01$h0154
=CAT  \\$aBATCH-CLA$b00$c20130508$lBLL01$h0739
=CAT  \\$aBATCH-CLA$b00$c20130630$lBLL01$h1631
=CAT  \\$aIPL-CLA$c20130701$lBLL01$h0149
=CAT  \\$aBATCH-CLA$b00$c20130929$lBLL01$h1620
=CAT  \\$aIPL-CLA$c20130930$lBLL01$h1813
=CAT  \\$aBATCH-CLA$b00$c20131202$lBLL01$h0339
=CAT  \\$aIPL-CLA$c20140101$lBLL01$h0156
=CAT  \\$aBATCH-CLA$b00$c20140327$lBLL01$h1831
=CAT  \\$aIPL-CLA$c20140331$lBLL01$h1640
=CAT  \\$aBATCH-UPD$b00$c20170210$lBLL01$h1138
=CFI  0\$aBritish Library not licensed to copy$c0$e01-apr-2014$hC$iCFP Excluded$5Uk
=CFI  2\$aBritish Library not licensed to copy$c0$e01-jan-2014$hC$iCFP Excluded$5Uk
=FIN  \\$aY$d20120210
=FMT  \\$a  BK
=LAS  \\$aBATCH-UPD$b00$c20170210$lBLL01$h1138
=SID  \\$aZ39$bOCLC
=TCO  \\$aTRS$bCCC$c008

