=LDR  02262 am a22005417a 4500
=001  016024655
=003  Uk
=005  20151111160823.0
=008  120109s2012\\\\xxua\\\\\b\\\\000\0\eng\d
=040  \\$aUk$beng$cUk
=100  1\$aChi, Wei.
=245  10$aAdjusting to really big changes :$bthe labor market in China, 1989-2009 /$cWei Chi, Richard B. Freeman, Hongbin Li.
=260  \\$aCambridge, Mass :$bNational Bureau of Economic Research,$c2012.
=300  \\$a25 p. :$bill. ;$c22 cm.
=336  \\$atext$2rdacontent
=337  \\$aunmediated$2rdamedia
=338  \\$avolume$2rdacarrier
=490  0\$aNBER working paper series ;$v17721
=504  \\$aIncludes bibliographical references.
=540  \\$aBritish Library not licensed to copy$c0$5Uk
=700  1\$aFreeman, Richard B.$q(Richard Barry),$d1943-
=700  1\$aLi, Hongbin.
=710  2\$aNational Bureau of Economic Research.
=852  49$aBritish Library$bDSC$j6067.719500
=856  \\$3Volltext$uhttp://www.nber.org/papers/w17721$zDownload (PDF) via World Wide Web für Universität St. Gallen
=ACF  \\$aBritish Library not licensed to copy$c0$e01-apr-2013$hC$iCFP Excluded$5Uk
=ACF  \\$aBritish Library not licensed to copy$c0$e01-oct-2013$hC$iCFP Excluded$5Uk
=CAT  \\$a9504$b40$c20120206$lBLL01$h1048
=CAT  \\$a11070$b40$c20120207$lBLL01$h1230
=CAT  \\$aBATCH-CLA$b00$c20130429$lBLL01$h0154
=CAT  \\$aBATCH-CLA$b00$c20130508$lBLL01$h0739
=CAT  \\$aBATCH-CLA$b00$c20130630$lBLL01$h1631
=CAT  \\$aIPL-CLA$c20130701$lBLL01$h0149
=CAT  \\$aBATCH-CLA$b00$c20130929$lBLL01$h1620
=CAT  \\$aIPL-CLA$c20130930$lBLL01$h1813
=CAT  \\$aBATCH-CLA$b00$c20131202$lBLL01$h0339
=CAT  \\$aIPL-CLA$c20140101$lBLL01$h0156
=CAT  \\$aBATCH-CLA$b00$c20140327$lBLL01$h1831
=CAT  \\$aIPL-CLA$c20140331$lBLL01$h1640
=CAT  \\$a7416$b40$c20151111$lBLL01$h1608
=CAT  \\$aBATCH-UPD$b40$c20170210$lBLL01$h1150
=CFI  0\$aBritish Library not licensed to copy$c0$e01-apr-2014$hC$iCFP Excluded$5Uk
=CFI  2\$aBritish Library not licensed to copy$c0$e01-jan-2014$hC$iCFP Excluded$5Uk
=FIN  \\$aY$d20120207
=FMT  \\$a  BK
=LAS  \\$aBATCH-UPD$b40$c20170210$lBLL01$h1150
=SID  \\$aZ39$bOCLC
=TCO  \\$aTRS$bCCC$c008

