=LDR  03914 am a22005657a 4500
=001  016025417
=003  Uk
=005  20120209131044.0
=007  cr\||u||||||||
=008  111226s2011\\\\maua\\\\\b\\\|0|0\0|eng\d
=035  \\$a(OCoLC)774077169
=040  \\$aSzZUIDS$bger$cCHVBK$dUk
=100  1\$aAutor, David H.
=245  14$aThe unsustainable rise of the disability rolls in the United States :$bcauses, consequences, and policy options /$cDavid H. Autor.
=260  \\$aCambridge, Mass :$bNational Bureau of Economic Research,$c2011.
=300  \\$a28, [5] p. :$bill. ;$c21 cm.
=336  \\$atext$2rdacontent
=337  \\$acomputer$2rdamedia
=338  \\$aonline resource$2rdacarrier
=490  1\$aNBER working paper series ;$vworking paper 17697
=504  \\$aIncludes bibliographical references.
=520  \\$aTwo ailments limit the effectiveness and threaten the long-term viability of the U.S. Social Security Disability Insurance program (SSDI). First, the program is ineffective in assisting the vast majority of workers with less severe disabilities to reach their employment potential or earn their own way. Second, the program's expenditures on cash transfers and medical benefits- exceeding {dollar}1,500 per U.S. household-are extremely high and growing unsustainably. There is no compelling evidence, however, that the incidence of disabling conditions among the U.S. working age population is rising. This paper discusses the challenges facing the SSDI program, explains how its design has led to rapid and unsustainable growth, considers why past efforts to slow program growth have met with minimal and fleeting success, and outlines three recent proposals that would modify the program to slow growth while potentially improving the employment prospects of workers with disabilities. Because these proposals depart substantially from a program design that has seen little change in half a century, their efficacy is unproven. Additionally, even well-meaning efforts to place the SSDI program on a sustainable trajectory run the risk of creating additional hurdles for claimants who are truly unable to work. Nevertheless, the imminent exhaustion of the SSDI Trust Fund provides an impetus and an opportunity to explore innovative solutions to the longstanding policy challenges posed by the SSDI program.
=530  \\$aAlso available via the Internet.
=540  \\$aBritish Library not licensed to copy$c0$5Uk
=710  2\$aNational Bureau of Economic Research.
=830  \0$aWorking paper series (National Bureau of Economic Research) ;$vworking paper no. 17697.
=852  49$aBritish Library$bDSC$j6067.719500
=856  \\$3Volltext$uhttp://www.nber.org/papers/w17697$zDownload (PDF) via World Wide Web für Universität St. Gallen
=ACF  \\$aBritish Library not licensed to copy$c0$e01-apr-2013$hC$iCFP Excluded$5Uk
=ACF  \\$aBritish Library not licensed to copy$c0$e01-oct-2013$hC$iCFP Excluded$5Uk
=CAT  \\$a7164$b40$c20120207$lBLL01$h1340
=CAT  \\$a11250$b40$c20120209$lBLL01$h1310
=CAT  \\$aBATCH-CLA$b00$c20130429$lBLL01$h0155
=CAT  \\$aBATCH-CLA$b00$c20130508$lBLL01$h0739
=CAT  \\$aBATCH-CLA$b00$c20130630$lBLL01$h1631
=CAT  \\$aIPL-CLA$c20130701$lBLL01$h0149
=CAT  \\$aBATCH-CLA$b00$c20130929$lBLL01$h1620
=CAT  \\$aIPL-CLA$c20130930$lBLL01$h1813
=CAT  \\$aBATCH-CLA$b00$c20131202$lBLL01$h0339
=CAT  \\$aIPL-CLA$c20140101$lBLL01$h0156
=CAT  \\$aBATCH-CLA$b00$c20140327$lBLL01$h1831
=CAT  \\$aIPL-CLA$c20140331$lBLL01$h1640
=CAT  \\$aBATCH-UPD$b00$c20170210$lBLL01$h1150
=CFI  0\$aBritish Library not licensed to copy$c0$e01-apr-2014$hC$iCFP Excluded$5Uk
=CFI  2\$aBritish Library not licensed to copy$c0$e01-jan-2014$hC$iCFP Excluded$5Uk
=FIN  \\$aY$d20120209
=FMT  \\$a  BK
=LAS  \\$aBATCH-UPD$b00$c20170210$lBLL01$h1150
=SID  \\$aZ39$bOCLC
=TCO  \\$aTRS$bCCC$c008

