=LDR  03057 am a22004817a 4500
=001  016025449
=003  Uk
=005  20120207135624.0
=007  cr\||u||||||||
=008  111226s2011\\\\mau\\\\\\\\\\\000\0\eng\d
=035  \\$a(OCoLC)774075660
=040  \\$aSzZUIDS$bger$cCHVBK
=100  1\$aKerr, William R.
=245  10$aIncome Inequality and Social Preferences for Redistribution and Compensation Differentials /$cWilliam R. Kerr.
=260  \\$aCambridge, Mass :$bNational Bureau of Economic Research,$c2011.
=336  \\$atext$2rdacontent
=337  \\$acomputer$2rdamedia
=338  \\$aonline resource$2rdacarrier
=490  0\$aNBER working paper series ;$v17701
=520  \\$aIn cross-sectional studies, countries with greater income inequality typically exhibit less support for government-led redistribution and greater acceptance of wage inequality (e.g., United States versus Western Europe). If individual nations evolve along this pattern, a vicious cycle could form with reduced social concern amplifying primal increases in inequality due to forces like skill-biased technical change. Exploring movements around these long-term levels, however, this study finds mixed evidence regarding the vicious cycle hypothesis. On one hand, larger compensation differentials are accepted as inequality grows. This growth in differentials is of a smaller magnitude than the actual increase in inequality, but it is nonetheless positive and substantial in size. Weighing against this, growth in inequality is met with greater support for government-led redistribution to the poor. These patterns suggest that short-run inequality shocks can be reinforced in the labor market but do not result in weaker political preferences for redistribution.
=540  \\$aBritish Library not licensed to copy$c0$5Uk
=852  49$aBritish Library$bDSC$j6067.719500
=856  \\$3Volltext$uhttp://www.nber.org/papers/w17701$zDownload (PDF) via World Wide Web für Universität St. Gallen
=ACF  \\$aBritish Library not licensed to copy$c0$e01-apr-2013$hC$iCFP Excluded$5Uk
=ACF  \\$aBritish Library not licensed to copy$c0$e01-oct-2013$hC$iCFP Excluded$5Uk
=CAT  \\$a7164$b40$c20120207$lBLL01$h1356
=CAT  \\$aBATCH-CLA$b00$c20130429$lBLL01$h0155
=CAT  \\$aBATCH-CLA$b00$c20130508$lBLL01$h0739
=CAT  \\$aBATCH-CLA$b00$c20130630$lBLL01$h1631
=CAT  \\$aIPL-CLA$c20130701$lBLL01$h0149
=CAT  \\$aBATCH-CLA$b00$c20130929$lBLL01$h1620
=CAT  \\$aIPL-CLA$c20130930$lBLL01$h1813
=CAT  \\$aBATCH-CLA$b00$c20131202$lBLL01$h0339
=CAT  \\$aIPL-CLA$c20140101$lBLL01$h0156
=CAT  \\$aBATCH-CLA$b00$c20140327$lBLL01$h1831
=CAT  \\$aIPL-CLA$c20140331$lBLL01$h1640
=CAT  \\$aBATCH-UPD$b00$c20170210$lBLL01$h1130
=CFI  0\$aBritish Library not licensed to copy$c0$e01-apr-2014$hC$iCFP Excluded$5Uk
=CFI  2\$aBritish Library not licensed to copy$c0$e01-jan-2014$hC$iCFP Excluded$5Uk
=FMT  \\$a  BK
=LAS  \\$aBATCH-UPD$b00$c20170210$lBLL01$h1130
=SID  \\$aZ39$bOCLC
=TCO  \\$aTRS$bCCC$c008

