=LDR  02622 am a22004937a 4500
=001  016025458
=003  Uk
=005  20120207140306.0
=007  cr\||u||||||||
=008  111226s2011\\\\mau\\\\\\\\\\\000\0\eng\d
=035  \\$a(OCoLC)774075659
=040  \\$aSzZUIDS$bger$cCHVBK
=100  1\$aKehoe, Timothy J.
=245  10$aCatch-up Growth Followed by Stagnation :$bMexico, 1950-2010 /$cTimothy J. Kehoe, Felipe Meza.
=260  \\$aCambridge, Mass :$bNational Bureau of Economic Research,$c2011.
=336  \\$atext$2rdacontent
=337  \\$acomputer$2rdamedia
=338  \\$aonline resource$2rdacarrier
=490  0\$aNBER working paper series ;$v17700
=520  \\$aIn 1950 Mexico entered an economic takeoff and grew rapidly for more than 30 years. Growth stopped during the crises of 1982-1995, despite major reforms, including liberalization of foreign trade and investment. Since then growth has been modest. We analyze the economic history of Mexico 1877-2010. We conclude that the growth 1950-1981 was driven by urbanization, industrialization, and education and that Mexico would have grown even more rapidly if trade and investment had been liberalized sooner. If Mexico is to resume rapid growth - so that it can approach U.S. levels of income - it needs further reforms.
=540  \\$aBritish Library not licensed to copy$c0$5Uk
=700  1\$aMeza, Felipe.
=852  49$aBritish Library$bDSC$j6067.719500
=856  \\$3Volltext$uhttp://www.nber.org/papers/w17700$zDownload (PDF) via World Wide Web für Universität St. Gallen
=ACF  \\$aBritish Library not licensed to copy$c0$e01-apr-2013$hC$iCFP Excluded$5Uk
=ACF  \\$aBritish Library not licensed to copy$c0$e01-oct-2013$hC$iCFP Excluded$5Uk
=CAT  \\$a7164$b40$c20120207$lBLL01$h1403
=CAT  \\$aBATCH-CLA$b00$c20130429$lBLL01$h0155
=CAT  \\$aBATCH-CLA$b00$c20130508$lBLL01$h0739
=CAT  \\$aBATCH-CLA$b00$c20130630$lBLL01$h1631
=CAT  \\$aIPL-CLA$c20130701$lBLL01$h0149
=CAT  \\$aBATCH-CLA$b00$c20130929$lBLL01$h1620
=CAT  \\$aIPL-CLA$c20130930$lBLL01$h1813
=CAT  \\$aBATCH-CLA$b00$c20131202$lBLL01$h0339
=CAT  \\$aIPL-CLA$c20140101$lBLL01$h0156
=CAT  \\$aBATCH-CLA$b00$c20140327$lBLL01$h1831
=CAT  \\$aIPL-CLA$c20140331$lBLL01$h1640
=CAT  \\$aBATCH-UPD$b00$c20170210$lBLL01$h1130
=CFI  0\$aBritish Library not licensed to copy$c0$e01-apr-2014$hC$iCFP Excluded$5Uk
=CFI  2\$aBritish Library not licensed to copy$c0$e01-jan-2014$hC$iCFP Excluded$5Uk
=FMT  \\$a  BK
=LAS  \\$aBATCH-UPD$b00$c20170210$lBLL01$h1130
=SID  \\$aZ39$bOCLC
=TCO  \\$aTRS$bCCC$c008

