=LDR  02901 am a22004937a 4500
=001  016025469
=003  Uk
=005  20120207140835.0
=007  cr\||u||||||||
=008  111226s2011\\\\mau\\\\\\\\\\\000\0\eng\d
=035  \\$a(OCoLC)774077146
=040  \\$aSzZUIDS$bger$cCHVBK
=100  1\$aAcharya, Viral V.
=245  12$aA Theory of Income Smoothing When Insiders Know More Than Outsiders /$cViral V. Acharya, Bart M. Lambrecht.
=260  \\$aCambridge, Mass :$bNational Bureau of Economic Research,$c2011.
=336  \\$atext$2rdacontent
=337  \\$acomputer$2rdamedia
=338  \\$aonline resource$2rdacarrier
=490  0\$aNBER working paper series ;$v17696
=520  \\$aWe consider a setting in which insiders have information about income that outside shareholders do not, but property rights ensure that outside shareholders can enforce a fair payout. To avoid intervention, insiders report income consistent with outsiders' expectations based on publicly available information rather than true income, resulting in an observed income and payout process that adjust partially and over time towards a target. Insiders under-invest in production and effort so as not to unduly raise outsiders' expectations about future income, a problem that is more severe the smaller is the inside ownership and results in an "outside equity Laffer curve". A disclosure environment with adequate quality of independent auditing mitigates the problem, implying that accounting quality can enhance investments, size of public stock markets and economic growth.
=540  \\$aBritish Library not licensed to copy$c0$5Uk
=700  1\$aLambrecht, Bart M.
=852  49$aBritish Library$bDSC$j6067.719500
=856  \\$3Volltext$uhttp://www.nber.org/papers/w17696$zDownload (PDF) via World Wide Web für Universität St. Gallen
=ACF  \\$aBritish Library not licensed to copy$c0$e01-apr-2013$hC$iCFP Excluded$5Uk
=ACF  \\$aBritish Library not licensed to copy$c0$e01-oct-2013$hC$iCFP Excluded$5Uk
=CAT  \\$a7164$b40$c20120207$lBLL01$h1408
=CAT  \\$aBATCH-CLA$b00$c20130429$lBLL01$h0155
=CAT  \\$aBATCH-CLA$b00$c20130508$lBLL01$h0739
=CAT  \\$aBATCH-CLA$b00$c20130630$lBLL01$h1631
=CAT  \\$aIPL-CLA$c20130701$lBLL01$h0149
=CAT  \\$aBATCH-CLA$b00$c20130929$lBLL01$h1620
=CAT  \\$aIPL-CLA$c20130930$lBLL01$h1813
=CAT  \\$aBATCH-CLA$b00$c20131202$lBLL01$h0339
=CAT  \\$aIPL-CLA$c20140101$lBLL01$h0156
=CAT  \\$aBATCH-CLA$b00$c20140327$lBLL01$h1831
=CAT  \\$aIPL-CLA$c20140331$lBLL01$h1640
=CAT  \\$aBATCH-UPD$b00$c20170210$lBLL01$h1150
=CFI  0\$aBritish Library not licensed to copy$c0$e01-apr-2014$hC$iCFP Excluded$5Uk
=CFI  2\$aBritish Library not licensed to copy$c0$e01-jan-2014$hC$iCFP Excluded$5Uk
=FMT  \\$a  BK
=LAS  \\$aBATCH-UPD$b00$c20170210$lBLL01$h1150
=SID  \\$aZ39$bOCLC
=TCO  \\$aTRS$bCCC$c008

