=LDR  03008 am a22004817a 4500
=001  016025495
=003  Uk
=005  20120207141953.0
=007  cr\||u||||||||
=008  111226s2011\\\\mau\\\\\\\\\\\000\0\eng\d
=035  \\$a(OCoLC)774075309
=040  \\$aSzZUIDS$bger$cCHVBK
=100  1\$aBorenstein, Severin.
=245  14$aThe Private and Public Economics of Renewable Electricity Generation /$cSeverin Borenstein.
=260  \\$aCambridge, Mass :$bNational Bureau of Economic Research,$c2011.
=336  \\$atext$2rdacontent
=337  \\$acomputer$2rdamedia
=338  \\$aonline resource$2rdacarrier
=490  0\$aNBER working paper series ;$v17695
=520  \\$aGenerating electricity from renewable sources is more expensive than conventional approaches, but reduces pollution externalities. Analyzing the tradeoff is much more challenging than often presumed, because the value of electricity is extremely dependent on the time and location at which it is produced, which is not very controllable with some renewables, such as wind and solar. Likewise, the pollution benefits from renewable generation depend on what type of generation it displaces, which also depends on time and location. Without incorporating these factors, cost-benefit analyses of alternatives are likely to be misleading. However, other common arguments for subsidizing renewable power - green jobs, energy security and driving down fossil energy prices - are unlikely to substantially alter the analysis. The role of intellectual property spillovers is a strong argument for subsidizing energy science research, but less persuasive as an enhancement to the value of installing current renewable energy technologies.
=540  \\$aBritish Library not licensed to copy$c0$5Uk
=852  49$aBritish Library$bDSC$j6067.719500
=856  \\$3Volltext$uhttp://www.nber.org/papers/w17695$zDownload (PDF) via World Wide Web für Universität St. Gallen
=ACF  \\$aBritish Library not licensed to copy$c0$e01-apr-2013$hC$iCFP Excluded$5Uk
=ACF  \\$aBritish Library not licensed to copy$c0$e01-oct-2013$hC$iCFP Excluded$5Uk
=CAT  \\$a7164$b40$c20120207$lBLL01$h1419
=CAT  \\$aBATCH-CLA$b00$c20130429$lBLL01$h0155
=CAT  \\$aBATCH-CLA$b00$c20130508$lBLL01$h0739
=CAT  \\$aBATCH-CLA$b00$c20130630$lBLL01$h1631
=CAT  \\$aIPL-CLA$c20130701$lBLL01$h0149
=CAT  \\$aBATCH-CLA$b00$c20130929$lBLL01$h1620
=CAT  \\$aIPL-CLA$c20130930$lBLL01$h1813
=CAT  \\$aBATCH-CLA$b00$c20131202$lBLL01$h0339
=CAT  \\$aIPL-CLA$c20140101$lBLL01$h0156
=CAT  \\$aBATCH-CLA$b00$c20140327$lBLL01$h1831
=CAT  \\$aIPL-CLA$c20140331$lBLL01$h1640
=CAT  \\$aBATCH-UPD$b00$c20170210$lBLL01$h1151
=CFI  0\$aBritish Library not licensed to copy$c0$e01-apr-2014$hC$iCFP Excluded$5Uk
=CFI  2\$aBritish Library not licensed to copy$c0$e01-jan-2014$hC$iCFP Excluded$5Uk
=FMT  \\$a  BK
=LAS  \\$aBATCH-UPD$b00$c20170210$lBLL01$h1151
=SID  \\$aZ39$bOCLC
=TCO  \\$aTRS$bCCC$c008

