=LDR  03885 am a22005057a 4500
=001  016025503
=003  Uk
=005  20120207142447.0
=007  cr\||u||||||||
=008  111226s2011\\\\mau\\\\\\\\\\\000\0\eng\d
=035  \\$a(OCoLC)774077106
=040  \\$aSzZUIDS$bger$cCHVBK
=100  1\$aDougherty, Sean.
=245  10$aEmployment Protection Legislation and Plant-Level Productivity in India /$cSean Dougherty, Verónica C. Frisancho Robles, Kala Krishna.
=260  \\$aCambridge, Mass :$bNational Bureau of Economic Research,$c2011.
=336  \\$atext$2rdacontent
=337  \\$acomputer$2rdamedia
=338  \\$aonline resource$2rdacarrier
=490  0\$aNBER working paper series ;$v17693
=520  \\$aUsing plant-level data from the Annual Survey of Industries (ASI) for the fiscal years from 1998-99 through 2007-08, this study provides plant-level cross-state/time-series evidence of the impact of employment protection legislation (EPL) on total factor productivity (TFP) and labor productivity in India. Identification of the effect of EPL follows from a difference-in-differences estimator inspired by Rajan and Zingales (1998) that takes advantage of the state-level variation in labor regulation and heterogeneous industry characteristics. The fundamental identification assumption is that EPL is more likely to restrict firms operating in industries with higher labor intensity and/or higher sales volatility. Our results show that firms in labor intensive or more volatile industries benefited the most from labor reforms in their states. Our point estimates indicate that, on average, firms in labor intensive industries and in flexible labor markets have TFP residuals 14% higher than those registered for their counterparts in states with more stringent labor laws. However, no important differences are identified among plants in industries with low labor intensity when comparing states with high and low levels of EPL reform. Similarly, the TFP of plants in volatile industries and in states that experienced more pro-employer reforms is 11% higher than that of firms in volatile industries and in more restrictive states; however, the TFP residuals of plants in industries with low labor intensity are 11% lower in high EPL reform states than in states with lower levels of EPL reform. In sum, the evidence presented here suggests that the high labor costs and rigidities imposed through Indian federal labor laws are lessened by labor market reforms at the state level.
=540  \\$aBritish Library not licensed to copy$c0$5Uk
=700  1\$aRobles, Verónica C. Frisancho.
=700  1\$aKrishna, Kala.
=852  49$aBritish Library$bDSC$j6067.719500
=856  \\$3Volltext$uhttp://www.nber.org/papers/w17693$zDownload (PDF) via World Wide Web für Universität St. Gallen
=ACF  \\$aBritish Library not licensed to copy$c0$e01-apr-2013$hC$iCFP Excluded$5Uk
=ACF  \\$aBritish Library not licensed to copy$c0$e01-oct-2013$hC$iCFP Excluded$5Uk
=CAT  \\$a7164$b40$c20120207$lBLL01$h1424
=CAT  \\$aBATCH-CLA$b00$c20130429$lBLL01$h0155
=CAT  \\$aBATCH-CLA$b00$c20130508$lBLL01$h0739
=CAT  \\$aBATCH-CLA$b00$c20130630$lBLL01$h1631
=CAT  \\$aIPL-CLA$c20130701$lBLL01$h0149
=CAT  \\$aBATCH-CLA$b00$c20130929$lBLL01$h1620
=CAT  \\$aIPL-CLA$c20130930$lBLL01$h1813
=CAT  \\$aBATCH-CLA$b00$c20131202$lBLL01$h0339
=CAT  \\$aIPL-CLA$c20140101$lBLL01$h0156
=CAT  \\$aBATCH-CLA$b00$c20140327$lBLL01$h1831
=CAT  \\$aIPL-CLA$c20140331$lBLL01$h1640
=CAT  \\$aBATCH-UPD$b00$c20170210$lBLL01$h1130
=CFI  0\$aBritish Library not licensed to copy$c0$e01-apr-2014$hC$iCFP Excluded$5Uk
=CFI  2\$aBritish Library not licensed to copy$c0$e01-jan-2014$hC$iCFP Excluded$5Uk
=FMT  \\$a  BK
=LAS  \\$aBATCH-UPD$b00$c20170210$lBLL01$h1130
=SID  \\$aZ39$bOCLC
=TCO  \\$aTRS$bCCC$c008

