=LDR  03521 am a22005057a 4500
=001  016025514
=003  Uk
=005  20120207142944.0
=007  cr\||u||||||||
=008  111226s2011\\\\mau\\\\\\\\\\\000\0\eng\d
=035  \\$a(OCoLC)774077085
=040  \\$aSzZUIDS$bger$cCHVBK
=100  1\$aAizenman, Joshua.
=245  10$aAdjustment patterns to commodity terms of trade shocks :$bthe role of exchange rate and international reserves policies /$cJoshua Aizenman, Sebastian Edwards, Daniel Riera-Crichton.
=260  \\$aCambridge, Mass :$bNational Bureau of Economic Research,$c2011.
=336  \\$atext$2rdacontent
=337  \\$acomputer$2rdamedia
=338  \\$aonline resource$2rdacarrier
=490  0\$aNBER working paper series ;$v17692
=520  \\$aWe analyze the way in which Latin American countries have adjusted to commodity terms of trade (CTOT) shocks in the 1970-2007 period. Specifically, we investigate the degree to which the active management of international reserves and exchange rates impacted the transmission of international price shocks to real exchange rates. We find that active reserve management not only lowers the short-run impact of CTOT shocks significantly, but also affects the long-run adjustment of REER, effectively lowering its volatility. We also show that relatively small increases in the average holdings of reserves by Latin American economies (to levels still well below other emerging regions current averages) would provide a policy tool as effective as a fixed exchange rate regime in insulating the economy from CTOT shocks. Reserve management could be an effective alternative to fiscal or currency policies for relatively trade closed countries and economies with relatively poor institutions or high government debt. Finally, we analyze the effects of active use of reserve accumulation aimed at smoothing REERs. The result support the view that "leaning against the wind" is potent, but more effective when intervening to support weak currencies rather than intervening to slow down the pace of real appreciation. The active reserve management reduces substantially REER volatility.
=540  \\$aBritish Library not licensed to copy$c0$5Uk
=700  1\$aEdwards, Sebastian.
=700  1\$aRiera-Crichton, Daniel.
=852  49$aBritish Library$bDSC$j6067.719500
=856  \\$3Volltext$uhttp://www.nber.org/papers/w17692$zDownload (PDF) via World Wide Web für Universität St. Gallen
=ACF  \\$aBritish Library not licensed to copy$c0$e01-apr-2013$hC$iCFP Excluded$5Uk
=ACF  \\$aBritish Library not licensed to copy$c0$e01-oct-2013$hC$iCFP Excluded$5Uk
=CAT  \\$a7164$b40$c20120207$lBLL01$h1429
=CAT  \\$aBATCH-CLA$b00$c20130429$lBLL01$h0155
=CAT  \\$aBATCH-CLA$b00$c20130508$lBLL01$h0739
=CAT  \\$aBATCH-CLA$b00$c20130630$lBLL01$h1631
=CAT  \\$aIPL-CLA$c20130701$lBLL01$h0149
=CAT  \\$aBATCH-CLA$b00$c20130929$lBLL01$h1620
=CAT  \\$aIPL-CLA$c20130930$lBLL01$h1813
=CAT  \\$aBATCH-CLA$b00$c20131202$lBLL01$h0339
=CAT  \\$aIPL-CLA$c20140101$lBLL01$h0156
=CAT  \\$aBATCH-CLA$b00$c20140327$lBLL01$h1831
=CAT  \\$aIPL-CLA$c20140331$lBLL01$h1640
=CAT  \\$aBATCH-UPD$b00$c20170210$lBLL01$h1151
=CFI  0\$aBritish Library not licensed to copy$c0$e01-apr-2014$hC$iCFP Excluded$5Uk
=CFI  2\$aBritish Library not licensed to copy$c0$e01-jan-2014$hC$iCFP Excluded$5Uk
=FMT  \\$a  BK
=LAS  \\$aBATCH-UPD$b00$c20170210$lBLL01$h1151
=SID  \\$aZ39$bOCLC
=TCO  \\$aTRS$bCCC$c008

