=LDR  02861 am a22005177a 4500
=001  016025528
=003  Uk
=005  20120207143525.0
=007  cr\||u||||||||
=008  111226s2011\\\\mau\\\\\\\\\\\000\0\eng\d
=035  \\$a(OCoLC)774077049
=040  \\$aSzZUIDS$bger$cCHVBK
=100  1\$aAmarante, Verónica.
=245  10$aDo Cash Transfers Improve Birth Outcomes? :$bEvidence from Matched Vital Statistics, Social Security and Program Data /$cVerónica Amarante, Marco Manacorda, Edward Miguel, Andrea Vigorito.
=260  \\$aCambridge, Mass :$bNational Bureau of Economic Research,$c2011.
=336  \\$atext$2rdacontent
=337  \\$acomputer$2rdamedia
=338  \\$aonline resource$2rdacarrier
=490  0\$aNBER working paper series ;$v17690
=520  \\$aThere is limited empirical evidence on whether unrestricted cash social assistance to poor pregnant women improves children's birth outcomes. Using program administrative micro-data matched to longitudinal vital statistics on the universe of births in Uruguay, we estimate that participation in a generous cash transfer program led to a sizeable 15% reduction in the incidence of low birthweight. Improvements in mother nutrition and a fall in labor supply, out-of-wedlock births and mother's smoking all appear to contribute to the effect. We conclude that, by improving child health, unrestricted unconditional cash transfers may help break the cycle of intergenerational poverty.
=540  \\$aBritish Library not licensed to copy$c0$5Uk
=700  1\$aManacorda, Marco.
=700  1\$aMiguel, Edward.
=700  1\$aVigorito, Andrea.
=852  49$aBritish Library$bDSC$j6067.719500
=856  \\$3Volltext$uhttp://www.nber.org/papers/w17690$zDownload (PDF) via World Wide Web für Universität St. Gallen
=ACF  \\$aBritish Library not licensed to copy$c0$e01-apr-2013$hC$iCFP Excluded$5Uk
=ACF  \\$aBritish Library not licensed to copy$c0$e01-oct-2013$hC$iCFP Excluded$5Uk
=CAT  \\$a7164$b40$c20120207$lBLL01$h1435
=CAT  \\$aBATCH-CLA$b00$c20130429$lBLL01$h0155
=CAT  \\$aBATCH-CLA$b00$c20130508$lBLL01$h0739
=CAT  \\$aBATCH-CLA$b00$c20130630$lBLL01$h1631
=CAT  \\$aIPL-CLA$c20130701$lBLL01$h0149
=CAT  \\$aBATCH-CLA$b00$c20130929$lBLL01$h1620
=CAT  \\$aIPL-CLA$c20130930$lBLL01$h1813
=CAT  \\$aBATCH-CLA$b00$c20131202$lBLL01$h0339
=CAT  \\$aIPL-CLA$c20140101$lBLL01$h0156
=CAT  \\$aBATCH-CLA$b00$c20140327$lBLL01$h1831
=CAT  \\$aIPL-CLA$c20140331$lBLL01$h1640
=CAT  \\$aBATCH-UPD$b00$c20170210$lBLL01$h1151
=CFI  0\$aBritish Library not licensed to copy$c0$e01-apr-2014$hC$iCFP Excluded$5Uk
=CFI  2\$aBritish Library not licensed to copy$c0$e01-jan-2014$hC$iCFP Excluded$5Uk
=FMT  \\$a  BK
=LAS  \\$aBATCH-UPD$b00$c20170210$lBLL01$h1151
=SID  \\$aZ39$bOCLC
=TCO  \\$aTRS$bCCC$c008

