=LDR  04131 am a22005897a 4500
=001  016025570
=003  Uk
=005  20120208115429.0
=007  cr\||u||||||||
=008  111226s2011\\\\mau\\\\\\b\\\|0|0\0|eng\d
=035  \\$a(OCoLC)774075647
=040  \\$aSzZUIDS$bger$cCHVBK$dUk
=100  1\$aWang, Jing.
=245  14$aThe contribution of China, India and Brazil to narrowing North-South differences in GDP/capita, world trade shares, and market capitalization /$cJing Wang, Dana Medianu, John Whalley.
=260  \\$aCambridge, Mass :$bNational Bureau of Economic Research,$c2011.
=300  \\$a32 p. ;$c22 cm.
=336  \\$atext$2rdacontent
=337  \\$acomputer$2rdamedia
=338  \\$aonline resource$2rdacarrier
=490  1\$aNBER working paper series ;$vworking paper 17681
=504  \\$aIncludes bibliographical references.
=520  \\$aThis paper focuses on the contribution to recent narrowing of the gap between Northern and Southern economies in GDP/capita, shares in world trade and market capitalization attributable both jointly and single to China, India, and Brazil (the three currently largest rapidly growing Southern economies). We report North-South differences in GDP/capita which (depending slightly on definition of North and South, as well as price deflators used) fall from 22 to 15.9 in constant USD between 1990 and 2009, changing Northern and Southern shares in world trade which fall for the North from 82.3% to 64.4% and rise for the South from 17.7% to 35.6%, and a changing North-South gap in stock market capitalizations from 27.6 to 3.3 over the same time. In contrast the North-China gap falls from 57.2 to 13.1 between 1990 and 2009, and India from 70.4 to 38.1 using market exchange rates and from 23.4 to 5.5 for China and from 20.7 to 11.4 for India using PPP rates. We calculate the portions of North-South gap change after 1990 which is accounted for by growth individually and jointly of China, India, and Brazil. Our calculations show that the majority of the change occurs from growth in these three economies, and the most from China. We suggest that the conventional view of a North-South bipolar world may need recasting into a tripolar world of the North, the Large South, and the rest of the South. In this, world manufacturing activity, trade, and even more rapidly, market capitalization are gravitating towards the Large Three, with a narrowing South-Large Three gap as well as a shrinking North-Large Three gap.
=530  \\$aAlso available via the Internet.
=540  \\$aBritish Library not licensed to copy$c0$5Uk
=700  1\$aMedianu, Dana.
=700  1\$aWhalley, John.
=710  2\$aNational Bureau of Economic Research.
=830  \0$aWorking paper series (National Bureau of Economic Research) ;$vworking paper no. 17681.
=852  49$aBritish Library$bDSC$j6067.719500
=856  \\$3Volltext$uhttp://www.nber.org/papers/w17681$zDownload (PDF) via World Wide Web für Universität St. Gallen
=ACF  \\$aBritish Library not licensed to copy$c0$e01-apr-2013$hC$iCFP Excluded$5Uk
=ACF  \\$aBritish Library not licensed to copy$c0$e01-oct-2013$hC$iCFP Excluded$5Uk
=CAT  \\$a7040$b40$c20120207$lBLL01$h1504
=CAT  \\$a11250$b40$c20120208$lBLL01$h1154
=CAT  \\$aBATCH-CLA$b00$c20130429$lBLL01$h0155
=CAT  \\$aBATCH-CLA$b00$c20130508$lBLL01$h0739
=CAT  \\$aBATCH-CLA$b00$c20130630$lBLL01$h1631
=CAT  \\$aIPL-CLA$c20130701$lBLL01$h0149
=CAT  \\$aBATCH-CLA$b00$c20130929$lBLL01$h1620
=CAT  \\$aIPL-CLA$c20130930$lBLL01$h1813
=CAT  \\$aBATCH-CLA$b00$c20131202$lBLL01$h0339
=CAT  \\$aIPL-CLA$c20140101$lBLL01$h0156
=CAT  \\$aBATCH-CLA$b00$c20140327$lBLL01$h1831
=CAT  \\$aIPL-CLA$c20140331$lBLL01$h1640
=CAT  \\$aBATCH-UPD$b00$c20170210$lBLL01$h1141
=CFI  0\$aBritish Library not licensed to copy$c0$e01-apr-2014$hC$iCFP Excluded$5Uk
=CFI  2\$aBritish Library not licensed to copy$c0$e01-jan-2014$hC$iCFP Excluded$5Uk
=FIN  \\$aY$d20120208
=FMT  \\$a  BK
=LAS  \\$aBATCH-UPD$b00$c20170210$lBLL01$h1141
=SID  \\$aZ39$bOCLC
=TCO  \\$aTRS$bCCC$c008

