=LDR  03073 am a22005537a 4500
=001  016043510
=003  Uk
=005  20120307134220.0
=008  120306s2012\\\\xxu\\\\\\b\\\|0|0\0\eng\\
=040  \\$aUk$beng$cUk
=100  1\$aBall, Laurence M.
=245  10$aBen Bernanke and the zero bound /$cLaurence M. Ball.
=260  \\$aCambridge, Mass :$bNational Bureau of Economic Research,$c2012.
=300  \\$a38 p. ;$c22 cm.
=336  \\$atext$2rdacontent
=337  \\$aunmediated$2rdamedia
=338  \\$avolume$2rdacarrier
=490  1\$aNBER working paper series ;$vworking paper 17836
=504  \\$aIncludes bibliographical references.
=520  \\$aFrom 2000 to 2003, when Ben Bernanke was a professor and then a Fed Governor, he wrote extensively about monetary policy at the zero bound on interest rates. He advocated aggressive stimulus policies, such as a money-financed tax cut and an inflation target of 3-4%. Yet, since U.S. interest rates hit zero in 2008, the Fed under Chairman Bernanke has taken more cautious actions. This paper asks when and why Bernanke changed his mind about zero-bound policy. The answer, at one level, is that he was influenced by analysis from the Fed staff that was presented at the FOMC meeting of June 2003. This answer raises another question: why did the staff's views influence Bernanke so strongly? I seek answers to this question in the social psychology literature on group decision-making.
=530  \\$aAlso available via the Internet.
=540  \\$aBritish Library not licensed to copy$c0$5Uk
=710  2\$aNational Bureau of Economic Research.
=830  \0$aWorking paper series (National Bureau of Economic Research) ;$vworking paper no. 17836.
=852  49$aBritish Library$bDSC$j6067.719500
=856  \\$3Volltext$uhttp://www.nber.org/papers/w17836$zDownload (PDF) via World Wide Web für Universität St. Gallen
=ACF  \\$aBritish Library not licensed to copy$c0$e01-apr-2013$hC$iCFP Excluded$5Uk
=ACF  \\$aBritish Library not licensed to copy$c0$e01-oct-2013$hC$iCFP Excluded$5Uk
=CAT  \\$a8411$b40$c20120306$lBLL01$h1046
=CAT  \\$a11250$b40$c20120307$lBLL01$h1342
=CAT  \\$aBATCH-CLA$b00$c20130429$lBLL01$h0155
=CAT  \\$aBATCH-CLA$b00$c20130508$lBLL01$h0739
=CAT  \\$aBATCH-CLA$b00$c20130630$lBLL01$h1631
=CAT  \\$aIPL-CLA$c20130701$lBLL01$h0150
=CAT  \\$aBATCH-CLA$b00$c20130929$lBLL01$h1620
=CAT  \\$aIPL-CLA$c20130930$lBLL01$h1814
=CAT  \\$aBATCH-CLA$b00$c20131202$lBLL01$h0339
=CAT  \\$aIPL-CLA$c20140101$lBLL01$h0157
=CAT  \\$aBATCH-CLA$b00$c20140327$lBLL01$h1831
=CAT  \\$aIPL-CLA$c20140331$lBLL01$h1640
=CAT  \\$aBATCH-UPD$b00$c20141125$lBLL01$h1534
=CAT  \\$aBATCH-UPD$b00$c20170210$lBLL01$h1153
=CAT  \\$aBATCH-UPD$b00$c20190804$lBLL01$h2059
=CAT  \\$aBATCH-CLA$b00$c20190805$lBLL01$h0102
=CFI  0\$aBritish Library not licensed to copy$c0$e01-apr-2014$hC$iCFP Excluded$5Uk
=FIN  \\$aY$d20120307
=FMT  \\$a  BK
=LAS  \\$aBATCH-CLA$b00$c20190805$lBLL01$h0102
=TCO  \\$aTRS$bCCC$c008

