=LDR  03365 am a22005537a 4500
=001  016043521
=003  Uk
=005  20210403010423.0
=008  120306s2012\\\\xxuab\\\\b\\\|0|0\0|eng\\
=040  \\$aUk$beng$cUk
=100  1\$aGiavazzi, Francesco.
=245  14$aThe households effects of government consumption /$cFrancesco Giavazzi, Michael McMahon.
=260  \\$aCambridge, Mass :$bNational Bureau of Economic Research,$c2012.
=300  \\$a38 p. :$bill., maps ;$c22 cm.
=336  \\$atext$2rdacontent
=337  \\$aunmediated$2rdamedia
=338  \\$avolume$2rdacarrier
=490  1\$aNBER working paper series ;$vworking paper 17837
=504  \\$aIncludes bibliographical references.
=520  \\$aThis paper provides new evidence on the effects of fiscal policy by studying, using household-level data, how households respond to shifts in government spending. Our identification strategy allows us to control for time-specific aggregate effects, such as the stance of monetary policy or the U.S.-wide business cycle. However, it potentially prevents us from estimating the wealth effects associated with a shift in spending. We find significant heterogeneity in households' response to a spending shock; the effects appear vary over time depending, among other factors, on the state of business cycle and, at a lower frequency, on the composition of employment (such as the share of workers in part-time jobs). Shifts in spending could also have important distributional effects that are lost when estimating an aggregate multiplier. Heads of households working relatively few (weekly) hours, for instance, suffer from a spending shock of the type we analyzed: their consumption falls, their hours increase and their real wages fall.
=530  \\$aAlso available via the Internet.
=540  \\$aBritish Library not licensed to copy$c0$5Uk
=700  1\$aMcMahon, Michael,$d1979-
=710  2\$aNational Bureau of Economic Research.
=830  \0$aWorking paper series (National Bureau of Economic Research) ;$vworking paper no. 17837.
=852  49$aBritish Library$bDSC$j6067.719500
=856  \\$3Volltext$uhttp://www.nber.org/papers/w17837$zDownload (PDF) via World Wide Web für Universität St. Gallen
=ACF  \\$aBritish Library not licensed to copy$c0$e01-apr-2013$hC$iCFP Excluded$5Uk
=ACF  \\$aBritish Library not licensed to copy$c0$e01-oct-2013$hC$iCFP Excluded$5Uk
=CAT  \\$a8411$b40$c20120306$lBLL01$h1054
=CAT  \\$a11250$b40$c20120307$lBLL01$h1321
=CAT  \\$aBATCH-CLA$b00$c20130429$lBLL01$h0155
=CAT  \\$aBATCH-CLA$b00$c20130508$lBLL01$h0739
=CAT  \\$aBATCH-CLA$b00$c20130630$lBLL01$h1631
=CAT  \\$aIPL-CLA$c20130701$lBLL01$h0150
=CAT  \\$aBATCH-CLA$b00$c20130929$lBLL01$h1620
=CAT  \\$aIPL-CLA$c20130930$lBLL01$h1814
=CAT  \\$aBATCH-CLA$b00$c20131202$lBLL01$h0339
=CAT  \\$aIPL-CLA$c20140101$lBLL01$h0157
=CAT  \\$aBATCH-CLA$b00$c20140327$lBLL01$h1831
=CAT  \\$aIPL-CLA$c20140331$lBLL01$h1640
=CAT  \\$aBATCH-UPD$b00$c20170210$lBLL01$h1148
=CAT  \\$aBATCH-UPD$b00$c20210402$lBLL01$h2047
=CAT  \\$aBATCH-CLA$b00$c20210403$lBLL01$h0104
=CFI  0\$aBritish Library not licensed to copy$c0$e01-apr-2014$hC$iCFP Excluded$5Uk
=FIN  \\$aY$d20120307
=FMT  \\$a  BK
=LAS  \\$aBATCH-CLA$b00$c20210403$lBLL01$h0104
=TCO  \\$aTRS$bCCC$c008

