=LDR  03880cam a22006377a 4500
=001  015617860
=003  Uk
=005  20230924064943.0
=008  100730s2010\\\\mauab\\\\b\\\\000\0\eng\d
=035  \\$a(OCoLC)651039420
=040  \\$aLOL$cLOL$dUk
=042  \\$aukblderived
=043  \\$aa-cc---
=100  1\$aWu, Jing.
=245  10$aEvaluating conditions in major Chinese housing markets /$cJing Wu, Joseph Gyourko, Yongheng Deng.
=260  \\$aCambridge, Mass. :$bNational Bureau of Economic Research,$cc2010.
=300  \\$a45 p. :$bill., map. ;$c22 cm.
=336  \\$atext$2rdacontent
=337  \\$aunmediated$2rdamedia
=338  \\$avolume$2rdacarrier
=490  1\$aNBER working paper series ;$vno. 16189
=500  \\$a"July 2010".
=504  \\$aIncludes bibliographical references (p. 27).
=520  \\$aHigh and rising prices in Chinese housing markets have attracted global attention, as well as the interest of the Chinese government and its regulators. Housing markets look very risky based on the stylized facts we document. Price-to-rent ratios in Beijing and seven other large markets across the country have increased from 30% to 70% since the beginning of 2007. Current price-to-rent ratios imply very low user costs of no more than 2%-3% of house value. Very high expected capital gains appear necessary to justify such low user costs of owning. Our calculations suggest that even modest declines in expected appreciation would lead to large price declines of over 40% in markets such as Beijing, absent offsetting rent increases or other countervailing factors. Price-to-income ratios also are at their highest levels ever in Beijing and select other markets. Much of the increase in prices is occurring in land values. Using data from the local land auction market in Beijing, we are able to produce a constant quality land price index for that city. Real, constant quality land values have increased by nearly 800% since the first quarter of 2003, with half that rise occurring over the past two years. State-owned enterprises controlled by the central government have played an important role in this increase, as our analysis shows they paid 27% more than other bidders for an otherwise equivalent land parcel.
=540  \\$aBritish Library not licensed to copy$c0$5Uk
=650  \0$aHousing$xPrices$zChina.
=650  \0$aReal property$xPrices$zChina.
=650  \0$aHousing$xPrices$zChina$zBeijing.
=650  \0$aReal property$xPrices$zChina$zBeijing.
=700  1\$aGyourko, Joseph E.,$d1956-
=700  1\$aDeng, Yongheng.
=710  2\$aNational Bureau of Economic Research.
=830  \0$aWorking paper series (National Bureau of Economic Research) ;$vno. 16189.
=852  41$aBritish Library$bDSC$j6067.719500$ino. 16189
=856  4\$3National Bureau of Economic Research$uhttp://papers.nber.org/papers/16189
=856  40$uhttp://www.nber.org/papers/w16189
=ACF  \\$aBritish Library not licensed to copy$c0$e01-oct-2013$hC$iCFP Excluded$5Uk
=CAT  \\$a9504$b40$c20100803$lBLL01$h1554
=CAT  \\$aBATCH-CLA$b00$c20130527$lBLL01$h0132
=CAT  \\$aBATCH-CLA$b00$c20130630$lBLL01$h1631
=CAT  \\$aIPL-CLA$c20130701$lBLL01$h0137
=CAT  \\$aBATCH-CLA$b00$c20130702$lBLL01$h0203
=CAT  \\$aBATCH-CLA$b00$c20130929$lBLL01$h1620
=CAT  \\$aIPL-CLA$c20130930$lBLL01$h1808
=CAT  \\$aBATCH-CLA$b00$c20131202$lBLL01$h0337
=CAT  \\$aIPL-CLA$c20140101$lBLL01$h0134
=CAT  \\$aBATCH-CLA$b00$c20140327$lBLL01$h1830
=CAT  \\$aIPL-CLA$c20140331$lBLL01$h1638
=CAT  \\$aW2308-1659$c20230923$lBLL01$h1059
=CAT  \\$aBATCH-CLA$b00$c20230924$lBLL01$h0649
=CFI  0\$aBritish Library not licensed to copy$c0$e01-apr-2014$hC$iCFP Excluded$5Uk
=FIN  \\$aY$d20100803
=FMT  \\$a  BK
=LAS  \\$aBATCH-CLA$b00$c20230924$lBLL01$h0649
=SID  \\$aZ39$bOCLC
=TCO  \\$aTRS$bCCC$c008

