=LDR  03121cam a22006017a 4500
=001  015617870
=003  Uk
=005  20230924064943.0
=008  100730s2010\\\\maua\\\\\b\\\\000\0\eng\d
=035  \\$a(OCoLC)651044266
=040  \\$aLOL$cLOL$dUk
=042  \\$aukblderived
=043  \\$an-us---
=100  1\$aHoynes, Hilary Williamson.
=245  10$aWork incentives and the Food Stamp Program /$cHilary Williamson Hoynes, Diane Whitmore Schanzenbach.
=260  \\$aCambridge, Mass. :$bNational Bureau of Economic Research,$cc2010.
=300  \\$a43 p. :$bill. ;$c22 cm.
=336  \\$atext$2rdacontent
=337  \\$aunmediated$2rdamedia
=338  \\$avolume$2rdacarrier
=490  1\$aNBER working paper series ;$vno. 16198
=500  \\$a"July 2010".
=504  \\$aIncludes bibliographical references (p. 28-29).
=520  \\$aLabor supply theory makes strong predictions about how the introduction of a social welfare program impacts work effort. Although there is a large literature on the work incentive effects of AFDC and the EITC, relatively little is known about the work incentive effects of the Food Stamp Program and none of the existing literature is based on quasi-experimental methods. We use the cross-county introduction of the program in the 1960s and 1970s to estimate the impact of the program on the extensive and intensive margins of labor supply, earnings, and family cash income. Consistent with theory, we find modest reductions in employment and hours worked when food stamps are introduced. The results are larger for single-parent families.
=540  \\$aBritish Library not licensed to copy$c0$5Uk
=650  \0$aFood stamps$xEconomic aspects$zUnited States.
=650  \0$aLabor market$zUnited States$xEconometric models.
=700  1\$aSchanzenbach, Diane,$d1972-
=710  2\$aNational Bureau of Economic Research.
=830  \0$aWorking paper series (National Bureau of Economic Research) ;$vno. 16198.
=852  41$aBritish Library$bDSC$j6067.719500$ino. 16198
=856  4\$3National Bureau of Economic Research$uhttp://papers.nber.org/papers/16198
=856  40$uhttp://www.nber.org/papers/w16198
=ACF  \\$aBritish Library not licensed to copy$c0$e01-oct-2013$hC$iCFP Excluded$5Uk
=CAT  \\$a9504$b40$c20100803$lBLL01$h1606
=CAT  \\$aBATCH-CLA$b00$c20130527$lBLL01$h0132
=CAT  \\$aBATCH-CLA$b00$c20130630$lBLL01$h1631
=CAT  \\$aIPL-CLA$c20130701$lBLL01$h0137
=CAT  \\$aBATCH-CLA$b00$c20130702$lBLL01$h0203
=CAT  \\$aBATCH-CLA$b00$c20130929$lBLL01$h1620
=CAT  \\$aIPL-CLA$c20130930$lBLL01$h1808
=CAT  \\$aBATCH-CLA$b00$c20131202$lBLL01$h0337
=CAT  \\$aIPL-CLA$c20140101$lBLL01$h0134
=CAT  \\$aBATCH-CLA$b00$c20140327$lBLL01$h1830
=CAT  \\$aIPL-CLA$c20140331$lBLL01$h1638
=CAT  \\$aW2308-1659$c20230923$lBLL01$h1059
=CAT  \\$aBATCH-CLA$b00$c20230924$lBLL01$h0649
=CFI  0\$aBritish Library not licensed to copy$c0$e01-apr-2014$hC$iCFP Excluded$5Uk
=FIN  \\$aY$d20100803
=FMT  \\$a  BK
=LAS  \\$aBATCH-CLA$b00$c20230924$lBLL01$h0649
=SID  \\$aZ39$bOCLC
=TCO  \\$aTRS$bCCC$c008

