=LDR  02755cam a22005777a 4500
=001  015625692
=003  Uk
=005  20230924064943.0
=008  100804s2010\\\\mau\\\\\\b\\\\000\0\eng\d
=035  \\$a(OCoLC)652546433
=040  \\$aLOL$cLOL$dUk
=042  \\$aukblderived
=100  1\$aManski, Charles F.
=245  10$aPolicy analysis with incredible certitude /$cCharles F. Manski.
=260  \\$aCambridge, Mass. :$bNational Bureau of Economic Research,$c2010.
=300  \\$a34 p. ;$c21 cm.
=336  \\$atext$2rdacontent
=337  \\$aunmediated$2rdamedia
=338  \\$avolume$2rdacarrier
=490  1\$aNBER working paper series ;$vno. 16207
=500  \\$a"July 2010".
=504  \\$aIncludes bibliographical references (p. 32-34).
=520  \\$aAnalyses of public policy regularly express certitude about the consequences of alternative policy choices. Yet policy predictions often are fragile, with conclusions resting on critical unsupported assumptions. Then the certitude of policy analysis is not credible. This paper develops a typology of incredible analytical practices and gives illustrative cases. I call these practices conventional certitudes, dueling certitudes, conflating science and advocacy, and wishful extrapolation. I contrast these practices with my vision for credible policy analysis.
=540  \\$aBritish Library not licensed to copy$c0$5Uk
=650  \0$aPolicy sciences.
=650  \0$aCertainty.
=710  2\$aNational Bureau of Economic Research.
=830  \0$aWorking paper series (National Bureau of Economic Research) ;$vno. 16207.
=852  41$aBritish Library$bDSC$j6067.719500$ino. 16207
=856  4\$3National Bureau of Economic Research$uhttp://papers.nber.org/papers/16207
=856  40$uhttp://www.nber.org/papers/w16207
=ACF  \\$aBritish Library not licensed to copy$c0$e01-oct-2013$hC$iCFP Excluded$5Uk
=CAT  \\$a7164$b40$c20100811$lBLL01$h1532
=CAT  \\$aBATCH-CLA$b00$c20130527$lBLL01$h0132
=CAT  \\$aBATCH-CLA$b00$c20130630$lBLL01$h1631
=CAT  \\$aIPL-CLA$c20130701$lBLL01$h0138
=CAT  \\$aBATCH-CLA$b00$c20130702$lBLL01$h0203
=CAT  \\$aBATCH-CLA$b00$c20130929$lBLL01$h1620
=CAT  \\$aIPL-CLA$c20130930$lBLL01$h1808
=CAT  \\$aBATCH-CLA$b00$c20131202$lBLL01$h0337
=CAT  \\$aIPL-CLA$c20140101$lBLL01$h0134
=CAT  \\$aBATCH-CLA$b00$c20140327$lBLL01$h1830
=CAT  \\$aIPL-CLA$c20140331$lBLL01$h1638
=CAT  \\$aW2308-1659$c20230923$lBLL01$h1059
=CAT  \\$aBATCH-CLA$b00$c20230924$lBLL01$h0649
=CFI  0\$aBritish Library not licensed to copy$c0$e01-apr-2014$hC$iCFP Excluded$5Uk
=FIN  \\$aY$d20100811
=FMT  \\$a  BK
=LAS  \\$aBATCH-CLA$b00$c20230924$lBLL01$h0649
=SID  \\$aZ39$bOCLC
=TCO  \\$aTRS$bCCC$c008

