=LDR  03507cam a22006137a 4500
=001  015666264
=003  Uk
=005  20230924064944.0
=008  101004s2010\\\\maua\\\\\b\\\\000\0\eng\d
=035  \\$a(OCoLC)668104826
=040  \\$aLOL$cLOL$dUk
=042  \\$aukblderived
=100  1\$aPindyck, Robert S.
=245  10$aFat tails, thin tails, and climate change policy /$cRobert S. Pindyck.
=260  \\$aCambridge, Mass. :$bNational Bureau of Economic Research,$cc2010.
=300  \\$a25 p. :$bill. ;$c22 cm.
=336  \\$atext$2rdacontent
=337  \\$aunmediated$2rdamedia
=338  \\$avolume$2rdacarrier
=490  1\$aNBER working paper series ;$vno. 16353
=500  \\$a"September 2010."
=500  \\$aTitle from http://www.nber.org/papers/16353 viewed September 14, 2010.
=504  \\$aIncludes bibliographical references (p. 17-18).
=520  \\$aClimate policy is complicated by the considerable compounded uncertainties over the costs and benefits of abatement. We don't even know the probability distributions for future temperatures and impacts, making cost-benefit analysis based on expected values challenging to say the least. There are good reasons to think that those probability distributions are fat-tailed, which implies that if social welfare is based on the expectation of a CRRA utility function, we should be willing to sacrifice close to 100% of GDP to reduce GHG emissions. I argue that unbounded marginal utility makes little sense, and once we put a bound on marginal utility, this implication of fat tails goes away: Expected marginal utility will be finite even if the distribution for outcomes is fat-tailed. Furthermore, depending on the bound on marginal utility, the index of risk aversion, and the damage function, a thin-tailed distribution can yield a higher expected marginal utility (and thus a greater willingness to pay for abatement) than a fat-tailed one.
=540  \\$aBritish Library not licensed to copy$c0$5Uk
=650  \0$aGlobal warming$xPrevention$xCost effectiveness.
=650  \0$aClimatic changes$xGovernment policy.
=710  2\$aNational Bureau of Economic Research.
=830  \0$aWorking paper series (National Bureau of Economic Research) ;$vno. 16353.
=852  41$aBritish Library$bDSC$j6067.719500$ino. 16353
=856  4\$3National Bureau of Economic Research$uhttp://papers.nber.org/papers/16353
=856  40$uhttp://www.nber.org/papers/w16353
=ACF  \\$aBritish Library not licensed to copy$c0$e01-oct-2013$hC$iCFP Excluded$5Uk
=CAT  \\$a7233$b40$c20101007$lBLL01$h1442
=CAT  \\$aBATCH-CLA$b00$c20130527$lBLL01$h0132
=CAT  \\$aBATCH-CLA$b00$c20130630$lBLL01$h1631
=CAT  \\$aIPL-CLA$c20130701$lBLL01$h0139
=CAT  \\$aBATCH-CLA$b00$c20130702$lBLL01$h0203
=CAT  \\$aBATCH-CLA$b00$c20130929$lBLL01$h1620
=CAT  \\$aIPL-CLA$c20130930$lBLL01$h1808
=CAT  \\$aBATCH-CLA$b00$c20131202$lBLL01$h0337
=CAT  \\$aIPL-CLA$c20140101$lBLL01$h0137
=CAT  \\$aBATCH-CLA$b00$c20140327$lBLL01$h1830
=CAT  \\$aIPL-CLA$c20140331$lBLL01$h1638
=CAT  \\$aBATCH-UPD$b00$c20150513$lBLL01$h1816
=CAT  \\$aBATCH-UPD$b00$c20170113$lBLL01$h2100
=CAT  \\$aW2308-1659$c20230923$lBLL01$h1101
=CAT  \\$aBATCH-CLA$b00$c20230924$lBLL01$h0649
=CFI  0\$aBritish Library not licensed to copy$c0$e01-apr-2014$hC$iCFP Excluded$5Uk
=FIN  \\$aY$d20101007
=FMT  \\$a  BK
=LAS  \\$aBATCH-CLA$b00$c20230924$lBLL01$h0649
=SID  \\$aZ39$bOCLC
=TCO  \\$aTRS$bCCC$c008

