=LDR  03045cam a22006017a 4500
=001  015667311
=003  Uk
=005  20230924064944.0
=008  100930s2010\\\\maua\\\\\b\\\\000\0\eng\d
=035  \\$a(OCoLC)667231113
=040  \\$aLOL$cLOL
=042  \\$aukblderived
=043  \\$aa-ja---
=100  1\$aStephens, Melvin,$cJr.
=245  14$aThe consumption response to seasonal income :$bevidence from Japanese public pension benefits /$cMelvin Stephens, Jr., Takashi Unayama.
=260  \\$aCambridge, Mass. :$bNational Bureau of Economic Research,$cc2010.
=300  \\$a33, [14] p. :$bill. ;$c21 cm.
=336  \\$atext$2rdacontent
=337  \\$aunmediated$2rdamedia
=338  \\$avolume$2rdacarrier
=490  1\$aNBER working paper series ;$vno. 16342
=500  \\$a"September 2010".
=504  \\$aIncludes bibliographical references (p. 30-33).
=520  \\$aJapanese public pension benefits, which were distributed quarterly through February 1990 and every other month since then, induce substantial but predictable income fluctuations. The relative magnitude of the payments combined with the delay between payments yields a stronger test of the Life-Cycle/Permanent Income Hypothesis than in prior studies. Applying two identification strategies to monthly household panel data, we find that consumption significantly responds to quarterly benefit receipt. Additional analysis suggests that our findings cannot be explained by either liquidity constraints or precautionary savings motives.
=540  \\$aBritish Library not licensed to copy$c0$5Uk
=650  \0$aSocial security$zJapan.
=650  \0$aConsumption (Economics)$zJapan$xEconometric models.
=700  1\$aUnayama, Takashi.
=710  2\$aNational Bureau of Economic Research.
=830  \0$aWorking paper series (National Bureau of Economic Research) ;$vno. 16342.
=852  41$aBritish Library$bDSC$j6067.719500$ino. 16342
=856  4\$3National Bureau of Economic Research$uhttp://papers.nber.org/papers/16342
=856  40$uhttp://www.nber.org/papers/w16342
=ACF  \\$aBritish Library not licensed to copy$c0$e01-oct-2013$hC$iCFP Excluded$5Uk
=CAT  \\$a9504$b40$c20101011$lBLL01$h1341
=CAT  \\$aBATCH-CLA$b00$c20130527$lBLL01$h0132
=CAT  \\$aBATCH-CLA$b00$c20130630$lBLL01$h1631
=CAT  \\$aIPL-CLA$c20130701$lBLL01$h0139
=CAT  \\$aBATCH-CLA$b00$c20130702$lBLL01$h0203
=CAT  \\$aBATCH-CLA$b00$c20130929$lBLL01$h1620
=CAT  \\$aIPL-CLA$c20130930$lBLL01$h1809
=CAT  \\$aBATCH-CLA$b00$c20131202$lBLL01$h0337
=CAT  \\$aIPL-CLA$c20140101$lBLL01$h0137
=CAT  \\$aBATCH-CLA$b00$c20140327$lBLL01$h1830
=CAT  \\$aIPL-CLA$c20140331$lBLL01$h1638
=CAT  \\$a14633$b40$c20180326$lBLL01$h1002
=CAT  \\$aW2308-1659$c20230923$lBLL01$h1101
=CAT  \\$aBATCH-CLA$b00$c20230924$lBLL01$h0649
=CFI  0\$aBritish Library not licensed to copy$c0$e01-apr-2014$hC$iCFP Excluded$5Uk
=FMT  \\$a  BK
=LAS  \\$aBATCH-CLA$b00$c20230924$lBLL01$h0649
=SID  \\$aZ39$bOCLC
=TCO  \\$aTRS$bCCC$c008

