=LDR  03075cam a22006137a 4500
=001  015667362
=003  Uk
=005  20230924064944.0
=008  100930s2010\\\\maua\\\\\b\\\\000\0\eng\d
=035  \\$a(OCoLC)667246491
=040  \\$aLOL$cLOL$dUk
=042  \\$aukblderived
=100  1\$aBénétrix, Agustín S.
=245  10$aInternational differences in fiscal policy during the global crisis /$cAgustín S. Bénétrix, Philip R. Lane.
=260  \\$aCambridge, Mass. :$bNational Bureau of Economic Research,$c2010.
=300  \\$a45 p. :$bill. ;$c22 cm.
=336  \\$atext$2rdacontent
=337  \\$aunmediated$2rdamedia
=338  \\$avolume$2rdacarrier
=490  1\$aNBER working paper series ;$vno. 16346
=500  \\$a"September 2010".
=504  \\$aIncludes bibliographical references (p. 21-23).
=520  \\$aWe examine the cross-country dispersion in fiscal outcomes during 2007-2009. In principle, international differences in fiscal policy may be related to differences in optimal fiscal positions, funding constraints, political economy factors and fiscal control problems. We find that the decline in the overall and structural fiscal balances have been larger for those countries experiencing larger increases in unemployment and where credit growth during the pre-crisis period was more rapid. However, there is no systematic co-variation between fiscal outcomes and a larger number of other macroeconomic variables and country characteristics.
=540  \\$aBritish Library not licensed to copy$c0$5Uk
=650  \0$aGlobal Financial Crisis, 2008-2009.
=650  \0$aFiscal policy.
=700  1\$aLane, Philip R.,$d1969-
=710  2\$aNational Bureau of Economic Research.
=830  \0$aWorking paper series (National Bureau of Economic Research) ;$vno. 16346.
=852  41$aBritish Library$bDSC$j6067.719500$ino. 16346
=856  4\$3National Bureau of Economic Research$uhttp://papers.nber.org/papers/16346
=856  40$uhttp://www.nber.org/papers/w16346
=ACF  \\$aBritish Library not licensed to copy$c0$e01-oct-2013$hC$iCFP Excluded$5Uk
=CAT  \\$a7164$b40$c20101011$lBLL01$h1406
=CAT  \\$aBATCH-UPD$b40$c20110902$lBLL01$h1009
=CAT  \\$aBATCH-UPD$b40$c20120823$lBLL01$h2144
=CAT  \\$aBATCH-CLA$b00$c20130527$lBLL01$h0132
=CAT  \\$aBATCH-CLA$b00$c20130630$lBLL01$h1631
=CAT  \\$aIPL-CLA$c20130701$lBLL01$h0139
=CAT  \\$aBATCH-CLA$b00$c20130702$lBLL01$h0203
=CAT  \\$aBATCH-CLA$b00$c20130929$lBLL01$h1620
=CAT  \\$aIPL-CLA$c20130930$lBLL01$h1809
=CAT  \\$aBATCH-CLA$b00$c20131202$lBLL01$h0337
=CAT  \\$aIPL-CLA$c20140101$lBLL01$h0137
=CAT  \\$aBATCH-CLA$b00$c20140327$lBLL01$h1830
=CAT  \\$aIPL-CLA$c20140331$lBLL01$h1638
=CAT  \\$aW2308-1659$c20230923$lBLL01$h1101
=CAT  \\$aBATCH-CLA$b00$c20230924$lBLL01$h0649
=CFI  0\$aBritish Library not licensed to copy$c0$e01-apr-2014$hC$iCFP Excluded$5Uk
=FIN  \\$aY$d20101011
=FMT  \\$a  BK
=LAS  \\$aBATCH-CLA$b00$c20230924$lBLL01$h0649
=SID  \\$aZ39$bOCLC
=TCO  \\$aTRS$bCCC$c008

