=LDR  03805cam a22005897a 4500
=001  015676843
=003  Uk
=005  20230924064944.0
=008  101013s2010\\\\maua\\\\\b\\\\000\0\eng\d
=035  \\$a(OCoLC)669990310
=040  \\$aLOL$cLOL
=042  \\$aukblderived
=043  \\$an-us-tn
=245  00$aHow does your kindergarten classroom affect your earnings? :$bevidence from Project STAR /$cRaj Chetty ... [et al.].
=260  \\$aCambridge, Mass. :$bNational Bureau of Economic Research,$c2010.
=300  \\$a53, [27] p. :$bill. ;$c22 cm.
=336  \\$atext$2rdacontent
=337  \\$aunmediated$2rdamedia
=338  \\$avolume$2rdacarrier
=490  1\$aNBER working paper series ;$vno. 16381
=500  \\$a"September 2010".
=504  \\$aIncludes bibliographical references (p. 50-53).
=520  \\$aIn Project STAR, 11,571 students in Tennessee and their teachers were randomly assigned to different classrooms within their schools from kindergarten to third grade. This paper evaluates the long-term impacts of STAR using administrative records. We obtain five results. First, kindergarten test scores are highly correlated with outcomes such as earnings at age 27, college attendance, home ownership, and retirement savings. Second, students in small classes are significantly more likely to attend college, attend a higher-ranked college, and perform better on a variety of other outcomes. Class size does not have a significant effect on earnings at age 27, but this effect is imprecisely estimated. Third, students who had a more experienced teacher in kindergarten have higher earnings. Fourth, an analysis of variance reveals significant kindergarten class effects on earnings. Higher kindergarten class quality -- as measured by classmates' end-of-class test scores -- increases earnings, college attendance rates, and other outcomes. Finally, the effects of kindergarten class quality fade out on test scores in later grades but gains in non-cognitive measures persist. We conclude that early childhood education has substantial long-term impacts, potentially through non-cognitive channels. Our analysis suggests that improving the quality of schools in disadvantaged areas may reduce poverty and raise earnings and tax revenue in the long run.
=540  \\$aBritish Library not licensed to copy$c0$5Uk
=650  \0$aKindergarten$xEconomic aspects$zTennessee.
=650  \0$aEarly childhood education$xEconomic aspects$zTennessee.
=700  1\$aChetty, Raj.
=710  2\$aNational Bureau of Economic Research.
=830  \0$aWorking paper series (National Bureau of Economic Research) ;$vno. 16381.
=852  41$aBritish Library$bDSC$j6067.719500$ino. 16381
=856  4\$3National Bureau of Economic Research$uhttp://papers.nber.org/papers/16381
=856  40$uhttp://www.nber.org/papers/w16381
=ACF  \\$aBritish Library not licensed to copy$c0$e01-oct-2013$hC$iCFP Excluded$5Uk
=CAT  \\$a7164$b40$c20101022$lBLL01$h1311
=CAT  \\$aBATCH-CLA$b00$c20130527$lBLL01$h0132
=CAT  \\$aBATCH-CLA$b00$c20130630$lBLL01$h1631
=CAT  \\$aIPL-CLA$c20130701$lBLL01$h0139
=CAT  \\$aBATCH-CLA$b00$c20130702$lBLL01$h0203
=CAT  \\$aBATCH-CLA$b00$c20130929$lBLL01$h1620
=CAT  \\$aIPL-CLA$c20130930$lBLL01$h1809
=CAT  \\$aBATCH-CLA$b00$c20131202$lBLL01$h0337
=CAT  \\$aIPL-CLA$c20140101$lBLL01$h0137
=CAT  \\$aBATCH-CLA$b00$c20140327$lBLL01$h1830
=CAT  \\$aIPL-CLA$c20140331$lBLL01$h1638
=CAT  \\$aW2308-1659$c20230923$lBLL01$h1101
=CAT  \\$aBATCH-CLA$b00$c20230924$lBLL01$h0649
=CFI  0\$aBritish Library not licensed to copy$c0$e01-apr-2014$hC$iCFP Excluded$5Uk
=FIN  \\$aY$d20101022
=FMT  \\$a  BK
=LAS  \\$aBATCH-CLA$b00$c20230924$lBLL01$h0649
=SID  \\$aZ39$bOCLC
=TCO  \\$aTRS$bCCC$c008

