=LDR  04191cam a22006257a 4500
=001  015699396
=003  Uk
=005  20230924064944.0
=008  101117s2010\\\\mauk\\\\\b\\\\000\0\eng\d
=035  \\$a(OCoLC)681766729
=040  \\$aLOL$cLOL$dLOL
=042  \\$aukblderived
=043  \\$an-us---
=100  1\$aGustman, Alan L.
=245  14$aThe growth in Social Security benefits among the retirement age population from increases in the cap on covered earnings /$cAlan L. Gustman, Thomas Steinmeier, Nahid Tabatabai.
=260  \\$aCambridge, Mass. :$bNational Bureau of Economic Research,$cc2010.
=300  \\$a32 p. :$btables ;$c21 cm.
=336  \\$atext$2rdacontent
=337  \\$aunmediated$2rdamedia
=338  \\$avolume$2rdacarrier
=490  1\$aNBER working paper series ;$vno. 16501
=500  \\$a"November 2010".
=504  \\$aIncludes bibliographical references (p. 28).
=520  \\$aThis paper investigates how increases in the level of maximum earnings subject to the Social Security payroll tax have affected Social Security benefits and taxes. The analysis uses data from the Health and Retirement Study to ask how different the present value of own benefits and taxes would be for the cohort born from 1948 to 1953 (ages 51 to 56 in 2004) if they faced the lower cap on the payroll tax that faced those born twelve and twenty four years earlier, but otherwise had the same earnings stream and faced the same benefit formula. We find that for those in the Early Boomer cohort of the Health and Retirement Study, ages 51 to 56 in 2004, that after adjusting for nominal wage growth, benefits were increased by 1.5 percent by the increase in the payroll tax ceiling compared to the cohort twelve years older, and by 3.7 percent over the benefits under the payroll tax ceiling for the cohort twenty four years older. Tax receipts were increased by 5.3 and 10.7 percent over tax receipts that would have been collected under the tax ceilings that applied to the cohorts 12 and 24 years older respectively. About 25 percent of the additional tax revenues created by the increase in the payroll tax cap between the Early Boomer cohort and those twelve years older was diverted to increased benefits. Similarly, about 31 percent of the additional tax revenues created by the increase in the payroll tax cap between the Early Boomer cohort and those twenty four years older took the form of increased benefits. Results are also presented separately for men and women, for those in the top quartile of earners, and for those at the tax ceiling throughout their work lives.
=540  \\$aBritish Library not licensed to copy$c0$5Uk
=650  \0$aSocial security$zUnited States$xFinance.
=650  \0$aPayroll tax$zUnited States.
=700  1\$aSteinmeier, Thomas L.
=700  1\$aTabatabai, Nahid,$d1951-
=710  2\$aNational Bureau of Economic Research.
=830  \0$aWorking paper series (National Bureau of Economic Research) ;$vno. 16501.
=852  41$aBritish Library$bDSC$j6067.719500$ino. 16501
=856  4\$3National Bureau of Economic Research$uhttp://papers.nber.org/papers/16501
=856  40$uhttp://www.nber.org/papers/w16501
=ACF  \\$aBritish Library not licensed to copy$c0$e01-oct-2013$hC$iCFP Excluded$5Uk
=CAT  \\$a9504$b40$c20101122$lBLL01$h1426
=CAT  \\$a9504$b40$c20101122$lBLL01$h1427
=CAT  \\$aBATCH-CLA$b00$c20130527$lBLL01$h0132
=CAT  \\$aBATCH-CLA$b00$c20130630$lBLL01$h1631
=CAT  \\$aIPL-CLA$c20130701$lBLL01$h0140
=CAT  \\$aBATCH-CLA$b00$c20130702$lBLL01$h0203
=CAT  \\$aBATCH-CLA$b00$c20130929$lBLL01$h1620
=CAT  \\$aIPL-CLA$c20130930$lBLL01$h1809
=CAT  \\$aBATCH-CLA$b00$c20131202$lBLL01$h0337
=CAT  \\$aIPL-CLA$c20140101$lBLL01$h0139
=CAT  \\$aBATCH-CLA$b00$c20140327$lBLL01$h1830
=CAT  \\$aIPL-CLA$c20140331$lBLL01$h1638
=CAT  \\$aW2308-1659$c20230923$lBLL01$h1102
=CAT  \\$aBATCH-CLA$b00$c20230924$lBLL01$h0649
=CFI  0\$aBritish Library not licensed to copy$c0$e01-apr-2014$hC$iCFP Excluded$5Uk
=FIN  \\$aY$d20101122
=FMT  \\$a  BK
=LAS  \\$aBATCH-CLA$b00$c20230924$lBLL01$h0649
=SID  \\$aZ39$bOCLC
=TCO  \\$aTRS$bCCC$c008

