=LDR  03063 am a22005657a 4500
=001  015735878
=003  Uk
=005  20110119110731.0
=008  101220s2010\\\\maua\\\\\b\\\\000\0\eng\d
=035  \\$a(OCoLC)693780140
=040  \\$aLOL$cLOL$dLOL$dUk
=042  \\$aukblderived
=100  1\$aFryer, Roland G.
=245  10$aValuing identity /$cRoland G. Fryer, Jr., Glenn Loury.
=260  \\$aCambridge, Mass. :$bNational Bureau of Economic Research,$cc2010.
=300  \\$a28, [1] p. :$bill. ;$c22 cm.
=336  \\$atext$2rdacontent
=337  \\$aunmediated$2rdamedia
=338  \\$avolume$2rdacarrier
=490  1\$aNBER working paper series ;$vno. 16568
=500  \\$a"December 2010".
=504  \\$aIncludes bibliographical references (p. 26-28).
=520  \\$aAffirmative action policies are practiced around the world. This paper explores the welfare economics of such policies. A model is proposed where heterogeneous agents, distinguished by skill level and social identity, compete for positions in a hierarchy. The problem of designing an efficient policy to raise the status in this competition of a disadvantaged identity group is considered. We show that: (i) when agent identity is fully visible and contractible (sightedness), efficient policy grants preferred access to positions, but offers no direct assistance for acquiring skills; and, (ii) when identity is not contractible (blindness), efficient policy provides universal subsidies when the fraction of the disadvantaged group at the development margin is larger then their mean (across positions) share at the assignment margin.
=540  \\$aBritish Library not licensed to copy$c0$5Uk
=650  \0$aAffirmative action programs$xEconometric models.
=700  1\$aLoury, Glenn C.
=710  2\$aNational Bureau of Economic Research.
=830  \0$aWorking paper series (National Bureau of Economic Research) ;$vno. 16568.
=852  41$aBritish Library$bDSC$j6067.719500$ino. 16568
=856  4\$3National Bureau of Economic Research$uhttp://papers.nber.org/papers/16568
=856  40$uhttp://www.nber.org/papers/w16568
=ACF  \\$aBritish Library not licensed to copy$c0$e01-oct-2013$hC$iCFP Excluded$5Uk
=CAT  \\$a9504$b40$c20110119$lBLL01$h1107
=CAT  \\$aBATCH-CLA$b00$c20130527$lBLL01$h0132
=CAT  \\$aBATCH-CLA$b00$c20130630$lBLL01$h1631
=CAT  \\$aIPL-CLA$c20130701$lBLL01$h0141
=CAT  \\$aBATCH-CLA$b00$c20130702$lBLL01$h0203
=CAT  \\$aBATCH-CLA$b00$c20130929$lBLL01$h1620
=CAT  \\$aIPL-CLA$c20130930$lBLL01$h1809
=CAT  \\$aBATCH-CLA$b00$c20131202$lBLL01$h0338
=CAT  \\$aIPL-CLA$c20140101$lBLL01$h0140
=CAT  \\$aBATCH-CLA$b00$c20140327$lBLL01$h1830
=CAT  \\$aIPL-CLA$c20140331$lBLL01$h1639
=CFI  0\$aBritish Library not licensed to copy$c0$e01-apr-2014$hC$iCFP Excluded$5Uk
=CFI  2\$aBritish Library not licensed to copy$c0$e01-jan-2014$hC$iCFP Excluded$5Uk
=FIN  \\$aY$d20110119
=FMT  \\$a  BK
=LAS  \\$aIPL-CLA$b00$c20140331$lBLL01$h1639
=SID  \\$aZ39$bOCLC
=TCO  \\$aTRS$bCCC$c008

