=LDR  03333cam a22005777a 4500
=001  015647714
=003  Uk
=005  20230924064944.0
=008  100902s2010\\\\maua\\\\\b\\\\000\0\eng\d
=035  \\$a(OCoLC)660162790
=040  \\$aLOL$cLOL$dUk
=042  \\$aukblderived
=043  \\$an-us---
=100  1\$aEvans, William N.
=245  10$aGiving mom a break :$bthe impact of higher EITC payments on maternal health /$cWilliam N. Evans, Craig L. Garthwaite.
=260  \\$aCambridge, Mass. :$bNational Bureau of Economic Research,$c2010.
=300  \\$a61 p. :$bill. ;$c22 cm.
=336  \\$atext$2rdacontent
=337  \\$aunmediated$2rdamedia
=338  \\$avolume$2rdacarrier
=490  1\$aNBER working paper series ;$vno. 16296
=504  \\$aIncludes bibliographical references.
=520  \\$aThe 1993 expansions of the Earned Income Tax Credit created the first meaningful separation in the benefit level for families based on the number of children, with families containing two or more children now receiving substantially more in benefits. If income is protective of health, we should see improvements over time in the health for mothers eligible for the EITC with two or more children compared to those with only one child. Using data from the Behavioral Risk Factors Surveillance Survey, we find in difference-in-difference models that for low-educated mothers of two or more children, the number of days with poor mental health and the fraction reporting excellent or very good health improved relative to the mothers with only one child. Using data from the National Health Examination and Nutrition Survey, we find evidence that the probability of having risky levels of biomarkers fell for these same low-educated women impacted more by the 1993 expansions, especially biomarkers that indicate inflammation.
=540  \\$aBritish Library not licensed to copy$c0$5Uk
=650  \0$aEarned income tax credit$xHealth aspects$zUnited States.
=650  \0$aLow-income mothers$xHealth and hygiene$zUnited States.
=700  1\$aGarthwaite, Craig L.
=710  2\$aNational Bureau of Economic Research.
=830  \0$aWorking paper series (National Bureau of Economic Research) ;$vno. 16296.
=852  41$aBritish Library$bDSC$j6067.719500$ino. 16296
=856  4\$3National Bureau of Economic Research$uhttp://papers.nber.org/papers/16296
=ACF  \\$aBritish Library not licensed to copy$c0$e01-oct-2013$hC$iCFP Excluded$5Uk
=CAT  \\$a7164$b40$c20100913$lBLL01$h1319
=CAT  \\$aBATCH-CLA$b00$c20130527$lBLL01$h0132
=CAT  \\$aBATCH-CLA$b00$c20130630$lBLL01$h1631
=CAT  \\$aIPL-CLA$c20130701$lBLL01$h0138
=CAT  \\$aBATCH-CLA$b00$c20130702$lBLL01$h0203
=CAT  \\$aBATCH-CLA$b00$c20130929$lBLL01$h1620
=CAT  \\$aIPL-CLA$c20130930$lBLL01$h1808
=CAT  \\$aBATCH-CLA$b00$c20131202$lBLL01$h0337
=CAT  \\$aIPL-CLA$c20140101$lBLL01$h0135
=CAT  \\$aBATCH-CLA$b00$c20140327$lBLL01$h1830
=CAT  \\$aIPL-CLA$c20140331$lBLL01$h1638
=CAT  \\$aW2308-1659$c20230923$lBLL01$h1100
=CAT  \\$aBATCH-CLA$b00$c20230924$lBLL01$h0649
=CFI  0\$aBritish Library not licensed to copy$c0$e01-apr-2014$hC$iCFP Excluded$5Uk
=FIN  \\$aY$d20100913
=FMT  \\$a  BK
=LAS  \\$aBATCH-CLA$b00$c20230924$lBLL01$h0649
=SID  \\$aZ39$bOCLC
=TCO  \\$aTRS$bCCC$c008

