=LDR  03353 am a22005897a 4500
=001  016032170
=003  Uk
=005  20120217111612.0
=007  cr\||u||||||||
=008  111114s2011\\\\mau\\\\\\b\\\|0|0\0|eng\d
=035  \\$a(OCoLC)764300074
=040  \\$aSzZUIDS$bger$cCHVBK$dOCLCQ$dUk
=100  1\$aEdmans, Alex.
=245  10$aFeedback effects and the limits to arbitrage /$cAlex Edmans, Itay Goldstein, Wei Jiang.
=260  \\$aCambridge, Mass :$bNational Bureau of Economic Research,$c2011.
=300  \\$a51 p. ;$c22 cm.
=336  \\$atext$2rdacontent
=337  \\$acomputer$2rdamedia
=338  \\$aonline resource$2rdacarrier
=490  1\$aNBER working paper series ;$vworking paper 17582
=504  \\$aIncludes bibliographical references.
=520  \\$aThis paper identifies a limit to arbitrage that arises from the fact that a firm's fundamental value is endogenous to the act of exploiting the arbitrage. Trading on private information reveals this information to managers and helps them improve their real decisions, in turn enhancing fundamental value. While this increases the profitability of a long position, it reduces the profitability of a short position -- selling on negative information reveals that firm prospects are poor, causing the manager to cancel investment. Optimal abandonment increases firm value and may cause the speculator to realize a loss on her initial sale. Thus, investors may strategically refrain from trading on negative information, and so bad news is incorporated more slowly into prices than good news. The effect has potentially important real consequences -- if negative information is not incorporated into stock prices, negative-NPV projects may not be abandoned, leading to overinvestment.
=530  \\$aAlso available via the Internet.
=540  \\$aBritish Library not licensed to copy$c0$5Uk
=700  1\$aGoldstein, Itay.
=700  1\$aJiang, Wei$c(Assistant professor)
=710  2\$aNational Bureau of Economic Research.
=830  \0$aWorking paper series (National Bureau of Economic Research) ;$vworking paper no. 17582.
=852  49$aBritish Library$bDSC$j6067.719500
=856  41$3National Bureau of Economic Research$uhttp://papers.nber.org/papers/w17582
=ACF  \\$aBritish Library not licensed to copy$c0$e01-apr-2013$hC$iCFP Excluded$5Uk
=ACF  \\$aBritish Library not licensed to copy$c0$e01-oct-2013$hC$iCFP Excluded$5Uk
=CAT  \\$a9504$b40$c20120215$lBLL01$h1601
=CAT  \\$a11250$b40$c20120217$lBLL01$h1116
=CAT  \\$aBATCH-CLA$b00$c20130429$lBLL01$h0155
=CAT  \\$aBATCH-CLA$b00$c20130508$lBLL01$h0739
=CAT  \\$aBATCH-CLA$b00$c20130630$lBLL01$h1631
=CAT  \\$aIPL-CLA$c20130701$lBLL01$h0150
=CAT  \\$aBATCH-CLA$b00$c20130929$lBLL01$h1620
=CAT  \\$aIPL-CLA$c20130930$lBLL01$h1813
=CAT  \\$aBATCH-CLA$b00$c20131202$lBLL01$h0339
=CAT  \\$aIPL-CLA$c20140101$lBLL01$h0156
=CAT  \\$aBATCH-CLA$b00$c20140327$lBLL01$h1831
=CAT  \\$aIPL-CLA$c20140331$lBLL01$h1640
=CAT  \\$aBATCH-UPD$b00$c20151117$lBLL01$h0931
=CAT  \\$aBATCH-CLA$b00$c20151118$lBLL01$h0146
=CFI  0\$aBritish Library not licensed to copy$c0$e01-apr-2014$hC$iCFP Excluded$5Uk
=FIN  \\$aY$d20120217
=FMT  \\$a  BK
=LAS  \\$aBATCH-CLA$b00$c20151118$lBLL01$h0146
=SID  \\$aZ39$bOCLC
=TCO  \\$aTRS$bCCC$c008

