=LDR  02444cam a2200601 a 4500
=001  013189089
=003  Uk
=005  20230924064854.0
=008  050420s2005\\\\maua\\\\\b\\\\000\0\eng\d
=040  \\$aUNA$cUNA
=043  \\$an-us---
=100  10$aEchenique, Federico.
=245  10$aOn the measurement of segregation /$cFederico Echenique, Roland G. Fryer, Jr.
=260  \\$aCambridge, MA :$bNational Bureau of Economic Research,$cc2005.
=300  \\$a53, [14] p. :$bill., maps. ;$c22 cm.
=336  \\$atext$2rdacontent
=337  \\$aunmediated$2rdamedia
=338  \\$avolume$2rdacarrier
=490  1\$aNBER working paper series ;$vworking paper 11258
=500  \\$a"March 2005."
=504  \\$aIncludes bibliographical references (p. 40-44)
=540  \\$aBritish Library not licensed to copy$c0$5Uk
=650  \0$aSegregation$zUnited States$xMathematical models.
=700  1\$aFryer, Roland G.
=710  2\$aNational Bureau of Economic Research.
=830  \0$aWorking paper series (National Bureau of Economic Research) ;$vworking paper no. 11258.
=852  41$aBritish Library$bDSC$j6067.719500$iNumber 11258(2005:Mar.)
=856  41$uhttp://www.nber.org/papers/W11258$zaccess online version
=985  \\$aProvisional Record
=ACF  \\$aBritish Library not licensed to copy$c0$e01-oct-2013$hC$iCFP Excluded$5Uk
=CAT  \\$a10958$b40$c20050503$lBLL01$h1518
=CAT  \\$a10958$b40$c20050505$lBLL01$h1055
=CAT  \\$aBATCH-CLA$b00$c20130527$lBLL01$h0129
=CAT  \\$aBATCH-CLA$b00$c20130630$lBLL01$h1629
=CAT  \\$aIPL-CLA$c20130701$lBLL01$h0053
=CAT  \\$aBATCH-CLA$b00$c20130702$lBLL01$h0200
=CAT  \\$aBATCH-CLA$b00$c20130929$lBLL01$h1618
=CAT  \\$aIPL-CLA$c20130930$lBLL01$h1743
=CAT  \\$aBATCH-CLA$b00$c20131202$lBLL01$h0324
=CAT  \\$aIPL-CLA$c20131231$lBLL01$h2349
=CAT  \\$aBATCH-CLA$b00$c20140327$lBLL01$h1828
=CAT  \\$aIPL-CLA$c20140331$lBLL01$h1627
=CAT  \\$aBATCH-UPD$b00$c20160716$lBLL01$h1715
=CAT  \\$aBATCH-CLA$b00$c20160717$lBLL01$h0118
=CAT  \\$a14185$b40$c20230423$lBLL01$h0828
=CAT  \\$aBATCH-CLA$b00$c20230424$lBLL01$h0103
=CAT  \\$aW2308-1659$c20230923$lBLL01$h0919
=CAT  \\$aBATCH-CLA$b00$c20230924$lBLL01$h0648
=CFI  0\$aBritish Library not licensed to copy$c0$e01-apr-2014$hC$iCFP Excluded$5Uk
=FMT  \\$a  BK
=LAS  \\$aBATCH-CLA$b00$c20230924$lBLL01$h0648
=SID  \\$aZ39$bOCLC
=TCO  \\$aTRS$bCCC$c008

