=LDR  02988cam a22007097a 4500
=001  013190549
=003  Uk
=005  20230924064854.0
=007  cr\cn\
=008  050415s2005\\\\maub\\\\\b\\\\000\0\eng\d
=040  \\$aGZM$cGZM$dIXA
=043  \\$an-us---$an-us-ak
=100  1\$aAlston, Lee J.,$d1951-
=245  10$aTime on the ladder :$bcareer mobility in agriculture, 1890-1938 /$cLee J. Alston, Joseph P. Ferrie.
=260  \\$aCambridge, Mass. :$bNational Bureau of Economic Research,$cc2005.
=300  \\$a29 p. :$bmaps ;$c22 cm.
=336  \\$atext$2rdacontent
=337  \\$acomputer$2rdamedia
=338  \\$aonline resource$2rdacarrier
=490  1\$aNBER working paper paper series ;$vno. 11231
=500  \\$a"March 2005."
=504  \\$aIncludes bibliographical references (p. 27-29).
=530  \\$aAlso available in PDF from the NBER world wide web site (www.nber.org).
=540  \\$aBritish Library not licensed to copy$c0$5Uk
=650  \0$aFarmers$zUnited States$xEconomic conditions.
=650  \0$aFarmers$zArkansas$xEconomic conditions.
=650  \0$aSharecroppers$zUnited States$xEconomic conditions.
=650  \0$aSharecroppers$zArkansas$xEconomic conditions.
=700  1\$aFerrie, Joseph P.
=710  2\$aNational Bureau of Economic Research.
=830  \0$aWorking paper series (National Bureau of Economic Research) ;$vworking paper no. 11231.
=852  41$aBritish Library$bDSC$j6067.719500$iNumber 11231(2005:Mar.)
=856  41$uhttp://www.nber.org/papers/W11231.pdf$zClick here to download PDF file
=985  \\$aProvisional Record
=ACF  \\$aBritish Library not licensed to copy$c0$e01-oct-2013$hC$iCFP Excluded$5Uk
=CAT  \\$a10958$b40$c20050504$lBLL01$h1022
=CAT  \\$a10958$b40$c20050505$lBLL01$h1105
=CAT  \\$aBATCH-CLA$b00$c20130527$lBLL01$h0129
=CAT  \\$aBATCH-CLA$b00$c20130630$lBLL01$h1629
=CAT  \\$aIPL-CLA$c20130701$lBLL01$h0053
=CAT  \\$aBATCH-CLA$b00$c20130702$lBLL01$h0200
=CAT  \\$aBATCH-CLA$b00$c20130929$lBLL01$h1618
=CAT  \\$aIPL-CLA$c20130930$lBLL01$h1743
=CAT  \\$aBATCH-CLA$b00$c20131202$lBLL01$h0324
=CAT  \\$aIPL-CLA$c20131231$lBLL01$h2349
=CAT  \\$aBATCH-CLA$b00$c20140327$lBLL01$h1828
=CAT  \\$aIPL-CLA$c20140331$lBLL01$h1627
=CAT  \\$aBATCH-UPD$b00$c20140915$lBLL01$h2119
=CAT  \\$aBATCH-UPD$b00$c20141212$lBLL01$h0433
=CAT  \\$aBATCH-UPD$b00$c20211217$lBLL01$h2044
=CAT  \\$aBATCH-CLA$b00$c20211218$lBLL01$h0138
=CAT  \\$a14185$b40$c20230423$lBLL01$h1324
=CAT  \\$aBATCH-CLA$b00$c20230424$lBLL01$h0103
=CAT  \\$aW2306-1299$c20230622$lBLL01$h1652
=CAT  \\$aBATCH-CLA$b00$c20230623$lBLL01$h0110
=CAT  \\$aW2308-1659$c20230923$lBLL01$h0919
=CAT  \\$aBATCH-CLA$b00$c20230924$lBLL01$h0648
=CFI  0\$aBritish Library not licensed to copy$c0$e01-apr-2014$hC$iCFP Excluded$5Uk
=FMT  \\$a  BK
=LAS  \\$aBATCH-CLA$b00$c20230924$lBLL01$h0648
=SID  \\$aZ39$bOCLC
=TCO  \\$aTRS$bCCC$c008

