=LDR  02477cam a2200601 a 4500
=001  013190552
=003  Uk
=005  20230924064854.0
=008  050406s2005\\\\maua\\\\\b\\\\000\0\eng\d
=040  \\$aUNA$cUNA
=100  1\$aPindyck, Robert S.
=245  10$aPricing capital under mandatory unbundling and facilities sharing /$cRobert S. Pindyck.
=260  \\$aCambridge, MA :$bNational Bureau of Economic Research,$cc2005.
=300  \\$a29 p. :$bill. ;$c22 cm.
=336  \\$atext$2rdacontent
=337  \\$aunmediated$2rdamedia
=338  \\$avolume$2rdacarrier
=490  1\$aNBER working paper series ;$vworking paper 11225
=500  \\$a"March 2005."
=504  \\$aIncludes bibliographical references (p. 28-29)
=540  \\$aBritish Library not licensed to copy$c0$5Uk
=650  \0$aTrade regulation$xEconometric models.
=710  2\$aNational Bureau of Economic Research.
=830  \0$aWorking paper series (National Bureau of Economic Research) ;$vworking paper no. 11225.
=852  41$aBritish Library$bDSC$j6067.719500$iNumber 11225(2005:Mar.)
=856  41$uhttp://www.nber.org/papers/W11225$zaccess online version
=985  \\$aProvisional Record
=ACF  \\$aBritish Library not licensed to copy$c0$e01-oct-2013$hC$iCFP Excluded$5Uk
=CAT  \\$a10958$b40$c20050504$lBLL01$h1025
=CAT  \\$a10958$b40$c20050505$lBLL01$h1105
=CAT  \\$aBATCH-CLA$b00$c20130527$lBLL01$h0129
=CAT  \\$aBATCH-CLA$b00$c20130630$lBLL01$h1629
=CAT  \\$aIPL-CLA$c20130701$lBLL01$h0053
=CAT  \\$aBATCH-CLA$b00$c20130702$lBLL01$h0200
=CAT  \\$aBATCH-CLA$b00$c20130929$lBLL01$h1618
=CAT  \\$aIPL-CLA$c20130930$lBLL01$h1743
=CAT  \\$aBATCH-CLA$b00$c20131202$lBLL01$h0324
=CAT  \\$aIPL-CLA$c20131231$lBLL01$h2349
=CAT  \\$aBATCH-CLA$b00$c20140327$lBLL01$h1828
=CAT  \\$aIPL-CLA$c20140331$lBLL01$h1627
=CAT  \\$aBATCH-UPD$b00$c20160127$lBLL01$h1805
=CAT  \\$aBATCH-CLA$b00$c20160128$lBLL01$h0132
=CAT  \\$aBATCH-UPD$b00$c20170113$lBLL01$h2100
=CAT  \\$aBATCH-CLA$b00$c20170114$lBLL01$h0115
=CAT  \\$a14185$b40$c20230423$lBLL01$h0829
=CAT  \\$aBATCH-CLA$b00$c20230424$lBLL01$h0103
=CAT  \\$aW2308-1659$c20230923$lBLL01$h0919
=CAT  \\$aBATCH-CLA$b00$c20230924$lBLL01$h0648
=CFI  0\$aBritish Library not licensed to copy$c0$e01-apr-2014$hC$iCFP Excluded$5Uk
=FMT  \\$a  BK
=LAS  \\$aBATCH-CLA$b00$c20230924$lBLL01$h0648
=SID  \\$aZ39$bOCLC
=TCO  \\$aTRS$bCCC$c008

