=LDR  02866cam a2200661 a 4500
=001  013190566
=003  Uk
=005  20230924064854.0
=008  050415s2005\\\\maua\\\\\b\\\\000\0\eng\d
=040  \\$aIUL$cIUL$dIXA
=043  \\$an-us---
=100  1\$aGolec, Joseph.
=245  10$aPharmaceutical stock price reactions to price constraint threats and firm-level R&D spending /$cJoseph Golec, Shantaram Hegde, John Vernon.
=260  \\$aCambridge, Mass. :$bNational Bureau of Economic Research,$c2005.
=300  \\$a36, [18] p. :$bill. ;$c22 cm.
=336  \\$atext$2rdacontent
=337  \\$aunmediated$2rdamedia
=338  \\$avolume$2rdacarrier
=490  1\$aNBER working paper series ;$vno. 11229
=500  \\$a"March 2005."
=504  \\$aIncludes bibliographical references (p. 34-36).
=530  \\$aAlso available in PDF from the NBER world wide web site (www.nber.org).
=540  \\$aBritish Library not licensed to copy$c0$5Uk
=610  10$aUnited States.$tHealth Security Act$xEconomic aspects.
=650  \0$aDrugs$xPrices$xLaw and legislation$xEconomic aspects$zUnited States.
=650  \0$aDrugs$xResearch$xEconomic aspects$zUnited States.
=650  \0$aPharmaceutical industry$zUnited States$xEconometric models.
=700  1\$aHegde, Shantaram,$d1949-
=700  1\$aVernon, John A.
=710  2\$aNational Bureau of Economic Research.
=830  \0$aWorking paper series (National Bureau of Economic Research) ;$vworking paper no. 11229.
=852  41$aBritish Library$bDSC$j6067.719500$iNumber 11229(2005:Mar.)
=856  41$uhttp://www.nber.org/papers/W11229.pdf$zClick here to download PDF file
=985  \\$aProvisional Record
=ACF  \\$aBritish Library not licensed to copy$c0$e01-oct-2013$hC$iCFP Excluded$5Uk
=CAT  \\$a10958$b40$c20050504$lBLL01$h1035
=CAT  \\$a10958$b40$c20050505$lBLL01$h1103
=CAT  \\$aBATCH-CLA$b00$c20130527$lBLL01$h0129
=CAT  \\$aBATCH-CLA$b00$c20130630$lBLL01$h1629
=CAT  \\$aIPL-CLA$c20130701$lBLL01$h0053
=CAT  \\$aBATCH-CLA$b00$c20130702$lBLL01$h0200
=CAT  \\$aBATCH-CLA$b00$c20130929$lBLL01$h1618
=CAT  \\$aIPL-CLA$c20130930$lBLL01$h1743
=CAT  \\$aBATCH-CLA$b00$c20131202$lBLL01$h0324
=CAT  \\$aIPL-CLA$c20131231$lBLL01$h2349
=CAT  \\$aBATCH-CLA$b00$c20140327$lBLL01$h1828
=CAT  \\$aIPL-CLA$c20140331$lBLL01$h1627
=CAT  \\$aBATCH-UPD$b00$c20180808$lBLL01$h1825
=CAT  \\$aBATCH-CLA$b00$c20180809$lBLL01$h0107
=CAT  \\$a14185$b40$c20230423$lBLL01$h0829
=CAT  \\$aBATCH-CLA$b00$c20230424$lBLL01$h0103
=CAT  \\$aW2308-1659$c20230923$lBLL01$h0919
=CAT  \\$aBATCH-CLA$b00$c20230924$lBLL01$h0648
=CFI  0\$aBritish Library not licensed to copy$c0$e01-apr-2014$hC$iCFP Excluded$5Uk
=FMT  \\$a  BK
=LAS  \\$aBATCH-CLA$b00$c20230924$lBLL01$h0648
=SID  \\$aZ39$bOCLC
=TCO  \\$aTRS$bCCC$c008

