=LDR  02620cam a2200625 a 4500
=001  013190649
=003  Uk
=005  20230924064854.0
=008  050418s2005\\\\maua\\\\\b\\\\000\0\eng\d
=040  \\$aUNA$beng$cUNA$dUk
=043  \\$an-us---
=100  1\$aO'Neill, June.
=245  10$aWhat do wage differentials tell us about labor market discrimination? /$cJune E. O'Neill, Dave M. O'Neill.
=260  \\$aCambridge, MA :$bNational Bureau of Economic Research,$cc2005.
=300  \\$a36, [22] p. :$bill. ;$c21 cm.
=336  \\$atext$2rdacontent
=337  \\$aunmediated$2rdamedia
=338  \\$avolume$2rdacarrier
=490  1\$aWorking paper series (National Bureau of Economic Research) ;$vworking paper no. 11240
=504  \\$aIncludes bibliographical references.
=540  \\$aBritish Library not licensed to copy$c0$5Uk
=650  \0$aDiscrimination in employment$zUnited States$xEconometric models.
=650  \0$aWages$zUnited States$xMinorities.
=650  \0$aWages$xWomen$zUnited States.
=700  1\$aO'Neill, David M.
=710  2\$aNational Bureau of Economic Research.
=830  \0$aWorking paper series (National Bureau of Economic Research) ;$vworking paper no. 11240.
=852  41$aBritish Library$bDSC$j6067.719500$iNumber 11240(2005:Mar.)
=856  41$uhttp://www.nber.org/papers/W11240$zaccess online version
=ACF  \\$aBritish Library not licensed to copy$c0$e01-oct-2013$hC$iCFP Excluded$5Uk
=CAT  \\$a10958$b40$c20050504$lBLL01$h1136
=CAT  \\$a10958$b40$c20050505$lBLL01$h1118
=CAT  \\$a9666$b40$c20050512$lBLL01$h1126
=CAT  \\$aBATCH$b00$c20091217$lBLL01$h0350
=CAT  \\$aBATCH-UPD$b00$c20101031$lBLL01$h2348
=CAT  \\$aBATCH-CLA$b00$c20130527$lBLL01$h0129
=CAT  \\$aBATCH-CLA$b00$c20130630$lBLL01$h1629
=CAT  \\$aIPL-CLA$c20130701$lBLL01$h0053
=CAT  \\$aBATCH-CLA$b00$c20130702$lBLL01$h0200
=CAT  \\$aBATCH-CLA$b00$c20130929$lBLL01$h1618
=CAT  \\$aIPL-CLA$c20130930$lBLL01$h1743
=CAT  \\$aBATCH-CLA$b00$c20131202$lBLL01$h0324
=CAT  \\$aIPL-CLA$c20131231$lBLL01$h2349
=CAT  \\$aBATCH-CLA$b00$c20140327$lBLL01$h1828
=CAT  \\$aIPL-CLA$c20140331$lBLL01$h1627
=CAT  \\$aBATCH-UPD$b00$c20200722$lBLL01$h1741
=CAT  \\$aBATCH-CLA$b00$c20200723$lBLL01$h0103
=CAT  \\$aW2308-1659$c20230923$lBLL01$h0919
=CAT  \\$aBATCH-CLA$b00$c20230924$lBLL01$h0648
=CFI  0\$aBritish Library not licensed to copy$c0$e01-apr-2014$hC$iCFP Excluded$5Uk
=FIN  \\$aY$d20050512
=FMT  \\$a  BK
=LAS  \\$aBATCH-CLA$b00$c20230924$lBLL01$h0648
=SID  \\$aZ39$bOCLC
=TCO  \\$aTRS$bCCC$c008

