=LDR  02579cam a22006017a 4500
=001  013190875
=003  Uk
=005  20230924064854.0
=008  050428s2005\\\\maua\\\\\b\\\\000\0\eng\d
=040  \\$aIXA$beng$cIXA$dUk
=100  1\$aSkinner, Jonathan.
=245  10$aTechnology adoption from hybrid corn to beta blockers /$cJonathan Skinner, Douglas Staiger.
=260  \\$aCambridge, Mass. :$bNational Bureau of Economic Research,$c2005.
=300  \\$a44 p. :$bill. ;$c21 cm.
=336  \\$atext$2rdacontent
=337  \\$aunmediated$2rdamedia
=338  \\$avolume$2rdacarrier
=490  1\$aWorking paper series (National Bureau of Economic Research) ;$vworking paper no. 11251
=504  \\$aIncludes bibliographical references.
=530  \\$aAlso available in PDF from the NBER world wide web site (www.nber.org).
=540  \\$aBritish Library not licensed to copy$c0$5Uk
=650  \0$aTechnological innovations$xEconometric models.
=650  \0$aDiffusion of innovations$xEconometric models.
=700  1\$aStaiger, Douglas.
=710  2\$aNational Bureau of Economic Research.
=830  \0$aWorking paper series (National Bureau of Economic Research) ;$vworking paper no. 11251.
=852  41$aBritish Library$bDSC$j6067.719500$iNumber 11252(2005:Mar.)
=856  4\$uhttp://www.nber.org/papers/W11251.pdf$zClick here to download PDF file
=ACF  \\$aBritish Library not licensed to copy$c0$e01-oct-2013$hC$iCFP Excluded$5Uk
=CAT  \\$a10958$b40$c20050504$lBLL01$h1415
=CAT  \\$a10958$b40$c20050505$lBLL01$h1110
=CAT  \\$a9666$b40$c20050512$lBLL01$h1011
=CAT  \\$aBATCH$b00$c20091217$lBLL01$h0350
=CAT  \\$aBATCH-UPD$b00$c20101031$lBLL01$h2349
=CAT  \\$aBATCH-CLA$b00$c20130527$lBLL01$h0129
=CAT  \\$aBATCH-CLA$b00$c20130630$lBLL01$h1629
=CAT  \\$aIPL-CLA$c20130701$lBLL01$h0053
=CAT  \\$aBATCH-CLA$b00$c20130702$lBLL01$h0200
=CAT  \\$aBATCH-CLA$b00$c20130929$lBLL01$h1618
=CAT  \\$aIPL-CLA$c20130930$lBLL01$h1743
=CAT  \\$aBATCH-CLA$b00$c20131202$lBLL01$h0324
=CAT  \\$aIPL-CLA$c20131231$lBLL01$h2349
=CAT  \\$aBATCH-CLA$b00$c20140327$lBLL01$h1828
=CAT  \\$aIPL-CLA$c20140331$lBLL01$h1627
=CAT  \\$aBATCH-UPD$b00$c20180308$lBLL01$h2051
=CAT  \\$aW2308-1659$c20230923$lBLL01$h0919
=CAT  \\$aBATCH-CLA$b00$c20230924$lBLL01$h0648
=CFI  0\$aBritish Library not licensed to copy$c0$e01-apr-2014$hC$iCFP Excluded$5Uk
=FIN  \\$aY$d20050512
=FMT  \\$a  BK
=LAS  \\$aBATCH-CLA$b00$c20230924$lBLL01$h0648
=SID  \\$aZ39$bOCLC
=TCO  \\$aTRS$bCCC$c008

