=LDR  02529cam a2200613 a 4500
=001  013190899
=003  Uk
=005  20230924064854.0
=008  050420s2005\\\\maua\\\\\b\\\\000\0\eng\d
=040  \\$aUNA$beng$cUNA$dUk
=100  1\$aFaleye, Olubunmi.
=245  10$aWhen labor has a voice in corporate governance /$cOlubunmi Faleye, Vikas Mehrotra, Randall Morck.
=260  \\$aCambridge, MA :$bNational Bureau of Economic Research,$cc2005.
=300  \\$a30, [12] p. :$bill. ;$c21 cm.
=336  \\$atext$2rdacontent
=337  \\$aunmediated$2rdamedia
=338  \\$avolume$2rdacarrier
=490  1\$aWorking paper series (National Bureau of Economic Research) ;$vworking paper no. 11254
=504  \\$aIncludes bibliographical references.
=540  \\$aBritish Library not licensed to copy$c0$5Uk
=650  \0$aEmployee ownership.
=650  \0$aCorporate governance.
=700  1\$aMehrotra, Vikas C.,$d1963-
=700  1\$aMorck, Randall.
=710  2\$aNational Bureau of Economic Research.
=830  \0$aWorking paper series (National Bureau of Economic Research) ;$vworking paper no. 11254.
=852  41$aBritish Library$bDSC$j6067.719500$iNumber 11254(2005:Mar.)
=856  41$uhttp://www.nber.org/papers/W11254$zaccess online version
=ACF  \\$aBritish Library not licensed to copy$c0$e01-oct-2013$hC$iCFP Excluded$5Uk
=CAT  \\$a10958$b40$c20050504$lBLL01$h1426
=CAT  \\$a10958$b40$c20050505$lBLL01$h1109
=CAT  \\$a9666$b40$c20050512$lBLL01$h1340
=CAT  \\$aBATCH$b00$c20091217$lBLL01$h0350
=CAT  \\$aBATCH-UPD$b00$c20101031$lBLL01$h2349
=CAT  \\$aBATCH-CLA$b00$c20130527$lBLL01$h0129
=CAT  \\$aBATCH-CLA$b00$c20130630$lBLL01$h1629
=CAT  \\$aIPL-CLA$c20130701$lBLL01$h0053
=CAT  \\$aBATCH-CLA$b00$c20130702$lBLL01$h0200
=CAT  \\$aBATCH-CLA$b00$c20130929$lBLL01$h1618
=CAT  \\$aIPL-CLA$c20130930$lBLL01$h1743
=CAT  \\$aBATCH-CLA$b00$c20131202$lBLL01$h0324
=CAT  \\$aIPL-CLA$c20131231$lBLL01$h2349
=CAT  \\$aBATCH-CLA$b00$c20140327$lBLL01$h1828
=CAT  \\$aIPL-CLA$c20140331$lBLL01$h1627
=CAT  \\$aBATCH-UPD$b00$c20211217$lBLL01$h2044
=CAT  \\$aBATCH-CLA$b00$c20211218$lBLL01$h0138
=CAT  \\$aW2308-1659$c20230923$lBLL01$h0919
=CAT  \\$aBATCH-CLA$b00$c20230924$lBLL01$h0648
=CFI  0\$aBritish Library not licensed to copy$c0$e01-apr-2014$hC$iCFP Excluded$5Uk
=FIN  \\$aY$d20050512
=FMT  \\$a  BK
=LAS  \\$aBATCH-CLA$b00$c20230924$lBLL01$h0648
=SID  \\$aZ39$bOCLC
=TCO  \\$aTRS$bCCC$c008

