=LDR  02246 am a22005537a 4500
=001  013248576
=003  Uk
=005  20050725140707.0
=008  050703s2005\\\\maua\\\\\b\\\\000\0\eng\d
=040  \\$aUNA$beng$cUNA$dIXA$dUk
=043  \\$an-us-ny
=100  1\$aGlaeser, Edward L.$q(Edward Ludwig),$d1967-
=245  10$aUrban colossus :$bwhy is New York America's largest city? /$cEdward L. Glaeser.
=260  \\$aCambridge, Mass. :$bNational Bureau of Economic Research,$c2005.
=300  \\$a43 p. :$bill. ;$c21 cm.
=336  \\$atext$2rdacontent
=337  \\$aunmediated$2rdamedia
=338  \\$avolume$2rdacarrier
=490  1\$aNBER working paper series ;$vworking paper 11398
=504  \\$aIncludes bibliographical references.
=540  \\$aBritish Library not licensed to copy$c0$5Uk
=651  \0$aNew York (N.Y.)$xHistory.
=651  \0$aNew York (N.Y.)$xEconomic conditions.
=710  2\$aNational Bureau of Economic Research.
=830  \0$aWorking paper series (National Bureau of Economic Research) ;$vworking paper no. 11398.
=852  41$aBritish Library$bDSC$j6067.719500$i11398
=856  41$uhttp://www.nber.org/papers/W11398$zaccess online version
=ACF  \\$aBritish Library not licensed to copy$c0$e01-oct-2013$hC$iCFP Excluded$5Uk
=CAT  \\$a8197$b40$c20050708$lBLL01$h1540
=CAT  \\$a5751$b40$c20050725$lBLL01$h1159
=CAT  \\$a5751$b40$c20050725$lBLL01$h1407
=CAT  \\$aBATCH-CLA$b00$c20130527$lBLL01$h0129
=CAT  \\$aBATCH-CLA$b00$c20130630$lBLL01$h1629
=CAT  \\$aIPL-CLA$c20130701$lBLL01$h0054
=CAT  \\$aBATCH-CLA$b00$c20130702$lBLL01$h0200
=CAT  \\$aBATCH-CLA$b00$c20130929$lBLL01$h1618
=CAT  \\$aIPL-CLA$c20130930$lBLL01$h1744
=CAT  \\$aBATCH-CLA$b00$c20131202$lBLL01$h0325
=CAT  \\$aIPL-CLA$c20131231$lBLL01$h2352
=CAT  \\$aBATCH-CLA$b00$c20140327$lBLL01$h1828
=CAT  \\$aIPL-CLA$c20140331$lBLL01$h1627
=CAT  \\$aBATCH-UPD$b00$c20180922$lBLL01$h1721
=CAT  \\$aBATCH-CLA$b00$c20180923$lBLL01$h0104
=CFI  0\$aBritish Library not licensed to copy$c0$e01-apr-2014$hC$iCFP Excluded$5Uk
=FIN  \\$aY$d20050725
=FMT  \\$a  BK
=LAS  \\$aBATCH-CLA$b00$c20180923$lBLL01$h0104
=SID  \\$aZ39$bOCLC
=TCO  \\$aTRS$bCCC$c008

