=LDR  02520 am a22004817a 4500
=001  013253723
=003  Uk
=005  20210508013439.0
=008  050725s2005\\\\mau\\\\\\b\\\\000\0\eng\d
=040  \\$aGZM$beng$cGZM$dUk
=100  1\$aInoue, Atsushi,$d1968-
=245  10$aTwo-sample instrumental variables estimators /$cAtsushi Inoue, Gary Solon.
=260  \\$aCambridge, Mass. :$bNational Bureau of Economic Research,$c2005.
=300  \\$a17 p. ;$c21 cm.
=336  \\$atext$2rdacontent
=337  \\$aunmediated$2rdamedia
=338  \\$avolume$2rdacarrier
=490  1\$aNBER technical working papers ;$vno. 311
=504  \\$aIncludes bibliographical references.
=520  3\$a"Following an influential article by Angrist and Krueger (1992) on two-sample instrumental variables (TSIV) estimation, numerous empirical researchers have applied a computationally convenient two-sample two-stage least squares (TS2SLS) variant of Angrist and Krueger's estimator. In the two-sample context, unlike the single-sample situation, the IV and 2SLS estimators are numerically distinct. Our comparison of the properties of the two estimators demonstrates that the commonly used TS2SLS estimator is more asymptotically efficient than the TSIV estimator and also is more robust to a practically relevant type of sample stratification"--National Bureau of Economic Research web site.
=530  \\$aAlso available in PDF from the NBER world wide web site (www.nber.org).
=540  \\$aBritish Library not licensed to copy$c0$5Uk
=650  \0$aEconomics$xStatistical methods.
=700  1\$aSolon, Gary,$d1954-
=710  2\$aNational Bureau of Economic Research.
=830  \0$aNBER technical working paper series ;$vno. 311.
=852  41$aBritish Library$bDSC$j8732.374000$i311
=856  41$uhttp://www.nber.org/papers/T0311.pdf$zClick here to download PDF file
=CAT  \\$a6098$b40$c20050718$lBLL01$h0823
=CAT  \\$a6098$b40$c20050718$lBLL01$h0824
=CAT  \\$a6098$b40$c20050718$lBLL01$h0825
=CAT  \\$a5751$b40$c20050727$lBLL01$h1744
=CAT  \\$a5751$b40$c20050728$lBLL01$h0848
=CAT  \\$a5751$b40$c20050728$lBLL01$h1326
=CAT  \\$aBATCH-CLA$b00$c20210507$lBLL01$h0300
=CAT  \\$aBATCH-UPD$b00$c20210507$lBLL01$h0605
=CAT  \\$aBATCH-CLA$b00$c20210508$lBLL01$h0134
=CFI  0\$aBritish Library not licensed to copy$c0$e07-sep-2011$hC$iTX$5Uk
=FIN  \\$aY$d20050728
=FMT  \\$a  BK
=LAS  \\$aBATCH-CLA$b00$c20210508$lBLL01$h0134
=SID  \\$aZ39$bOCLC
=TCO  \\$aTRS$bCCC$c008

