=LDR  02262 am a22005657a 4500
=001  013369348
=003  Uk
=005  20060227131026.0
=008  051129s2005\\\\mau\\\\\\b\\\\000\0\eng\d
=040  \\$aIUL$cIUL$dGZM$dIXA$dUk
=100  1\$aShavell, Steven,$d1946-
=245  10$aLiability for accidents /$cSteven Shavell.
=260  \\$aCambridge, Mass. :$bNational Bureau of Economic Research,$cc2005.
=300  \\$a40 p. ;$c22 cm.
=336  \\$atext$2rdacontent
=337  \\$aunmediated$2rdamedia
=338  \\$avolume$2rdacarrier
=490  1\$aNBER working paper series ;$vno. 11781
=500  \\$a"November 2005."
=504  \\$aIncludes bibliographical references (p. 35-40).
=530  \\$aAlso available in PDF from the NBER world wide web site (www.nber.org).
=540  \\$aBritish Library not licensed to copy$c0$5Uk
=650  \0$aLiability (Law)
=650  \0$aAccident law.
=710  2\$aNational Bureau of Economic Research.
=830  \0$aWorking paper series (National Bureau of Economic Research) ;$vworking paper no. 11781.
=852  41$aBritish Library$bDSC$j6067.719500$i11781
=856  41$uhttp://www.nber.org/papers/W11781.pdf$zClick here to download PDF file
=ACF  \\$aBritish Library not licensed to copy$c0$e01-oct-2013$hC$iCFP Excluded$5Uk
=CAT  \\$a8457$b40$c20060103$lBLL01$h1028
=CAT  \\$a11317$b40$c20060227$lBLL01$h1306
=CAT  \\$a11317$b40$c20060227$lBLL01$h1310
=CAT  \\$aBATCH-CLA$b00$c20130527$lBLL01$h0129
=CAT  \\$aBATCH-CLA$b00$c20130630$lBLL01$h1629
=CAT  \\$aIPL-CLA$c20130701$lBLL01$h0056
=CAT  \\$aBATCH-CLA$b00$c20130702$lBLL01$h0200
=CAT  \\$aBATCH-CLA$b00$c20130929$lBLL01$h1618
=CAT  \\$aIPL-CLA$c20130930$lBLL01$h1745
=CAT  \\$aBATCH-CLA$b00$c20131202$lBLL01$h0326
=CAT  \\$aIPL-CLA$c20131231$lBLL01$h2358
=CAT  \\$aBATCH-CLA$b00$c20140327$lBLL01$h1828
=CAT  \\$aIPL-CLA$c20140331$lBLL01$h1628
=CAT  \\$aBATCH-UPD$b00$c20181010$lBLL01$h2116
=CAT  \\$aBATCH-CLA$b00$c20181011$lBLL01$h0108
=CFI  0\$aBritish Library not licensed to copy$c0$e01-apr-2014$hC$iCFP Excluded$5Uk
=FIN  \\$aY$d20060227
=FMT  \\$a  BK
=LAS  \\$aBATCH-CLA$b00$c20181011$lBLL01$h0108
=SID  \\$aZ39$bOCLC
=TCO  \\$aTRS$bCCC$c008

