=LDR  02637cam a22006377a 4500
=001  013369494
=003  Uk
=005  20220217010606.0
=008  051220s2005\\\\maua\\\\\b\\\\000\0\eng\d
=040  \\$aUk$beng$cUk
=043  \\$an-us---
=100  1\$aGordon, Robert J.$q(Robert James),$d1940-
=245  14$aThe 1920s and the 1990s in mutual reflection /$cRobert J. Gordon.
=260  \\$c2005.
=260  \\$aCambridge, Mass. :$bNational Bureau of Economic Research,$cc2005.
=300  \\$a41, [17] p. :$bill. ;$cc2005.
=336  \\$atext$2rdacontent
=337  \\$aunmediated$2rdamedia
=338  \\$avolume$2rdacarrier
=490  1\$aNBER working paper paper series ;$vno. 11778
=500  \\$a"November 2005."
=504  \\$aIncludes bibliographical references (p. 42-45).
=530  \\$aAlso available in PDF from the NBER world wide web site (www.nber.org).
=540  \\$aBritish Library not licensed to copy$c0$5Uk
=651  \0$aUnited States$xEconomic conditions$y1918-1945.
=651  \0$aUnited States$xEconomic conditions$y1981-2001.
=710  2\$aNational Bureau of Economic Research.
=830  \0$aWorking paper series (National Bureau of Economic Research) ;$vworking paper no. 11778.
=852  41$aBritish Library$bDSC$j6067.719500$ino. 11778
=856  41$uhttp://www.nber.org/papers/W11778.pdf$zClick here to download PDF file
=ACF  \\$aBritish Library not licensed to copy$c0$e01-oct-2013$hC$iCFP Excluded$5Uk
=CAT  \\$a7233$b40$c20060103$lBLL01$h1131
=CAT  \\$a7233$b40$c20060103$lBLL01$h1132
=CAT  \\$a11317$b40$c20060227$lBLL01$h1357
=CAT  \\$aBATCH-CLA$b00$c20130527$lBLL01$h0129
=CAT  \\$aBATCH-CLA$b00$c20130630$lBLL01$h1629
=CAT  \\$aIPL-CLA$c20130701$lBLL01$h0056
=CAT  \\$aBATCH-CLA$b00$c20130702$lBLL01$h0200
=CAT  \\$aBATCH-CLA$b00$c20130929$lBLL01$h1618
=CAT  \\$aIPL-CLA$c20130930$lBLL01$h1745
=CAT  \\$aBATCH-CLA$b00$c20131202$lBLL01$h0326
=CAT  \\$aIPL-CLA$c20131231$lBLL01$h2358
=CAT  \\$aBATCH-CLA$b00$c20140327$lBLL01$h1828
=CAT  \\$aIPL-CLA$c20140331$lBLL01$h1628
=CAT  \\$aBATCH-UPD$b00$c20151202$lBLL01$h0245
=CAT  \\$aBATCH-CLA$b00$c20151203$lBLL01$h0149
=CAT  \\$aBATCH-UPD$b00$c20211217$lBLL01$h2046
=CAT  \\$aBATCH-CLA$b00$c20211218$lBLL01$h0138
=CAT  \\$aBATCH-UPD$b00$c20220216$lBLL01$h2038
=CAT  \\$aBATCH-CLA$b00$c20220217$lBLL01$h0106
=CFI  0\$aBritish Library not licensed to copy$c0$e01-apr-2014$hC$iCFP Excluded$5Uk
=FIN  \\$aY$d20060227
=FMT  \\$a  BK
=LAS  \\$aBATCH-CLA$b00$c20220217$lBLL01$h0106
=SID  \\$aZ39$bOCLC
=TCO  \\$aTRS$bCCC$c008

