=LDR  02554cam a22005897a 4500
=001  013423327
=003  Uk
=005  20211218013845.0
=008  060216s2006\\\\maua\\\\\b\\\\000\0\eng\d
=040  \\$aUNA$cUNA$dGZM$dIXA$dUk
=100  1\$aLoutskina, Elena.
=245  10$aSecuritization and the declining impact of bank finance on loan supply :$bevidence from mortgage acceptance rates /$cElena Loutskina, Philip E. Strahan.
=260  \\$aCambridge, Mass. :$bNational Bureau of Economic Research,$cc2006.
=300  \\$a30, [16] p. :$bill. ;$c22 cm.
=336  \\$atext$2rdacontent
=337  \\$aunmediated$2rdamedia
=338  \\$avolume$2rdacarrier
=490  1\$aNBER working paper series ;$vworking paper 11983
=500  \\$a"January 2006."
=504  \\$aIncludes bibliographical references (p. 28-30).
=530  \\$aAlso available in PDF from the NBER world wide web site (www.nber.org).
=540  \\$aBritish Library not licensed to copy$c0$5Uk
=650  \0$aBanks and banking$xEconometric models.
=650  \0$aAsset-backed financing$xEconometric models.
=650  \0$aMortgage loans$xEconometric models.
=650  \0$aSecondary mortgage market$xEconometric models.
=700  1\$aStrahan, Philip E.$q(Philip Elliot),$d1963-
=710  2\$aNational Bureau of Economic Research.
=830  \0$aWorking paper series (National Bureau of Economic Research) ;$vworking paper no. 11983.
=852  41$aBritish Library$bDSC$j6067.719500$i11983
=856  41$uhttp://www.nber.org/papers/W11983$zaccess online version
=ACF  \\$aBritish Library not licensed to copy$c0$e01-oct-2013$hC$iCFP Excluded$5Uk
=CAT  \\$a6098$b40$c20060310$lBLL01$h1406
=CAT  \\$a11250$b40$c20060317$lBLL01$h0919
=CAT  \\$aBATCH-CLA$b00$c20130527$lBLL01$h0129
=CAT  \\$aBATCH-CLA$b00$c20130630$lBLL01$h1629
=CAT  \\$aIPL-CLA$c20130701$lBLL01$h0058
=CAT  \\$aBATCH-CLA$b00$c20130702$lBLL01$h0201
=CAT  \\$aBATCH-CLA$b00$c20130929$lBLL01$h1618
=CAT  \\$aIPL-CLA$c20130930$lBLL01$h1746
=CAT  \\$aBATCH-CLA$b00$c20131202$lBLL01$h0326
=CAT  \\$aIPL-CLA$c20140101$lBLL01$h0001
=CAT  \\$aBATCH-CLA$b00$c20140327$lBLL01$h1828
=CAT  \\$aIPL-CLA$c20140331$lBLL01$h1629
=CAT  \\$aBATCH-UPD$b00$c20211217$lBLL01$h2047
=CAT  \\$aBATCH-CLA$b00$c20211218$lBLL01$h0138
=CFI  0\$aBritish Library not licensed to copy$c0$e01-apr-2014$hC$iCFP Excluded$5Uk
=FIN  \\$aY$d20060317
=FMT  \\$a  BK
=LAS  \\$aBATCH-CLA$b00$c20211218$lBLL01$h0138
=SID  \\$aZ39$bOCLC
=TCO  \\$aTRS$bCCC$c008

