=LDR  02707cam a22006497a 4500
=001  013423329
=003  Uk
=005  20220109010245.0
=008  060224s2006\\\\mau\\\\\\b\\\\000\0\eng\d
=040  \\$aIUL$cIUL$dGZM$dUk
=043  \\$an-us---
=100  1\$aChevalier, Judith A.
=245  10$aState casket sales restrictions :$ba pointless undertaking? /$cJudith Chevalier, Fiona Scott Morton.
=246  3\$aState casket sales and restrictions
=260  \\$aCambridge, Mass. :$bNational Bureau of Economic Research,$cc2006.
=300  \\$a[31] p. ;$c22 cm.
=336  \\$atext$2rdacontent
=337  \\$aunmediated$2rdamedia
=338  \\$avolume$2rdacarrier
=490  1\$aNBER working paper series ;$vno. 12012
=500  \\$a"January 2006."
=504  \\$aIncludes bibliographical references.
=530  \\$aAlso available in PDF from the NBER world wide web site (www.nber.org).
=540  \\$aBritish Library not licensed to copy$c0$5Uk
=650  \0$aUndertakers and undertaking$zUnited States.
=650  \0$aFuneral rites and ceremonies$xEconomic aspects$zUnited States.
=650  \0$aCoffins$xPrices$zUnited States.
=700  1\$aScott Morton, Fiona.
=710  2\$aNational Bureau of Economic Research.
=830  \0$aWorking paper series (National Bureau of Economic Research) ;$vworking paper no. 12012.
=852  41$aBritish Library$bDSC$j6067.719500$ino. 12012
=856  41$uhttp://www.nber.org/papers/W12012.pdf$zClick here to download PDF file
=ACF  \\$aBritish Library not licensed to copy$c0$e01-oct-2013$hC$iCFP Excluded$5Uk
=CAT  \\$a8197$b40$c20060310$lBLL01$h1407
=CAT  \\$a11250$b40$c20060317$lBLL01$h0908
=CAT  \\$aBATCH-CLA$b00$c20130527$lBLL01$h0129
=CAT  \\$aBATCH-CLA$b00$c20130630$lBLL01$h1629
=CAT  \\$aIPL-CLA$c20130701$lBLL01$h0058
=CAT  \\$aBATCH-CLA$b00$c20130702$lBLL01$h0201
=CAT  \\$aBATCH-CLA$b00$c20130929$lBLL01$h1618
=CAT  \\$aIPL-CLA$c20130930$lBLL01$h1746
=CAT  \\$aBATCH-CLA$b00$c20131202$lBLL01$h0326
=CAT  \\$aIPL-CLA$c20140101$lBLL01$h0001
=CAT  \\$aBATCH-CLA$b00$c20140327$lBLL01$h1828
=CAT  \\$aIPL-CLA$c20140331$lBLL01$h1629
=CAT  \\$aBATCH-UPD$b00$c20150608$lBLL01$h2042
=CAT  \\$aBATCH-CLA$b00$c20150609$lBLL01$h0114
=CAT  \\$aBATCH-UPD$b00$c20190918$lBLL01$h1652
=CAT  \\$aBATCH-CLA$b00$c20190919$lBLL01$h0108
=CAT  \\$aBATCH-UPD$b00$c20220108$lBLL01$h1803
=CAT  \\$aBATCH-CLA$b00$c20220109$lBLL01$h0102
=CFI  0\$aBritish Library not licensed to copy$c0$e01-apr-2014$hC$iCFP Excluded$5Uk
=FIN  \\$aY$d20060317
=FMT  \\$a  BK
=LAS  \\$aBATCH-CLA$b00$c20220109$lBLL01$h0102
=SID  \\$aZ39$bOCLC
=TCO  \\$aTRS$bCCC$c008

