=LDR  02399 am a22005777a 4500
=001  013423369
=003  Uk
=005  20210510010206.0
=008  060227s2006\\\\mau\\\\\\b\\\\000\0\eng\d
=040  \\$aUNA$cUNA$dGZM$dIXA$dUk
=100  1\$aGoolsbee, Austan.
=245  10$aValuing consumer products by the time spent using them :$ban application to the Internet /$cAustan Goolsbee, Peter Klenow.
=260  \\$aCambridge, Mass. :$bNational Bureau of Economic Research,$c2006.
=300  \\$a13 p. ;$c22 cm.
=336  \\$atext$2rdacontent
=337  \\$aunmediated$2rdamedia
=338  \\$avolume$2rdacarrier
=490  1\$aNBER working paper series ;$vworking paper 11995
=500  \\$a"January 2006."
=504  \\$aIncludes bibliographical references (p. 13).
=530  \\$aAlso available in PDF from the NBER world wide web site (www.nber.org).
=540  \\$aBritish Library not licensed to copy$c0$5Uk
=650  \0$aInternet$xEconomic aspects.
=700  1\$aKlenow, Peter J.
=710  2\$aNational Bureau of Economic Research.
=830  \0$aWorking paper series (National Bureau of Economic Research) ;$vworking paper no. 11995.
=852  41$aBritish Library$bDSC$j6067.719500$i11995
=856  41$uhttp://www.nber.org/papers/W11995$zaccess online version
=ACF  \\$aBritish Library not licensed to copy$c0$e01-oct-2013$hC$iCFP Excluded$5Uk
=CAT  \\$a8457$b40$c20060310$lBLL01$h1429
=CAT  \\$a11317$b40$c20060317$lBLL01$h0833
=CAT  \\$aBATCH-CLA$b00$c20130527$lBLL01$h0129
=CAT  \\$aBATCH-CLA$b00$c20130630$lBLL01$h1629
=CAT  \\$aIPL-CLA$c20130701$lBLL01$h0058
=CAT  \\$aBATCH-CLA$b00$c20130702$lBLL01$h0201
=CAT  \\$aBATCH-CLA$b00$c20130929$lBLL01$h1618
=CAT  \\$aIPL-CLA$c20130930$lBLL01$h1746
=CAT  \\$aBATCH-CLA$b00$c20131202$lBLL01$h0326
=CAT  \\$aIPL-CLA$c20140101$lBLL01$h0001
=CAT  \\$aBATCH-CLA$b00$c20140327$lBLL01$h1828
=CAT  \\$aIPL-CLA$c20140331$lBLL01$h1629
=CAT  \\$aBATCH-UPD$b00$c20160928$lBLL01$h1651
=CAT  \\$aBATCH-CLA$b00$c20160929$lBLL01$h0121
=CAT  \\$aBATCH-UPD$b00$c20210509$lBLL01$h2106
=CAT  \\$aBATCH-CLA$b00$c20210510$lBLL01$h0102
=CFI  0\$aBritish Library not licensed to copy$c0$e01-apr-2014$hC$iCFP Excluded$5Uk
=FIN  \\$aY$d20060317
=FMT  \\$a  BK
=LAS  \\$aBATCH-CLA$b00$c20210510$lBLL01$h0102
=SID  \\$aZ39$bOCLC
=TCO  \\$aTRS$bCCC$c008

