=LDR  02361 am a22005657a 4500
=001  013423380
=003  Uk
=005  20200301010232.0
=008  060224s2006\\\\mau\\\\\\b\\\\000\0\eng\d
=040  \\$aIUL$cIUL$dGZM$dUk
=100  1\$aPersson, Torsten.
=245  10$aDemocracy and development :$bthe devil in the details /$cTorsten Persson, Guido Tabellini.
=260  \\$aCambridge, Mass$bNational bureau of economic research$c2006
=260  \\$aCambridge, Mass. :$bNational Bureau of Economic Research,$cc2006.
=300  \\$a14, [3] p. ;$c22 cm.
=336  \\$atext$2rdacontent
=337  \\$aunmediated$2rdamedia
=338  \\$avolume$2rdacarrier
=490  1\$aNBER working paper series ;$vno. 11993
=500  \\$a"January 2006."
=504  \\$aIncludes bibliographical references (p. 11-12).
=530  \\$aAlso available in PDF from the NBER world wide web site (www.nber.org).
=540  \\$aBritish Library not licensed to copy$c0$5Uk
=650  \0$aDemocracy$xEconomic aspects.
=700  1\$aTabellini, Guido Enrico,$d1956-
=710  2\$aNational Bureau of Economic Research.
=830  \0$aWorking paper series (National Bureau of Economic Research) ;$vworking paper no. 11993.
=852  41$aBritish Library$bDSC$j6067.719500$i11993
=856  41$uhttp://www.nber.org/papers/W11993.pdf$zClick here to download PDF file
=ACF  \\$aBritish Library not licensed to copy$c0$e01-oct-2013$hC$iCFP Excluded$5Uk
=CAT  \\$a8457$b40$c20060310$lBLL01$h1433
=CAT  \\$a11317$b40$c20060317$lBLL01$h0834
=CAT  \\$aBATCH-CLA$b00$c20130527$lBLL01$h0129
=CAT  \\$aBATCH-CLA$b00$c20130630$lBLL01$h1629
=CAT  \\$aIPL-CLA$c20130701$lBLL01$h0058
=CAT  \\$aBATCH-CLA$b00$c20130702$lBLL01$h0201
=CAT  \\$aBATCH-CLA$b00$c20130929$lBLL01$h1618
=CAT  \\$aIPL-CLA$c20130930$lBLL01$h1746
=CAT  \\$aBATCH-CLA$b00$c20131202$lBLL01$h0326
=CAT  \\$aIPL-CLA$c20140101$lBLL01$h0001
=CAT  \\$aBATCH-CLA$b00$c20140327$lBLL01$h1828
=CAT  \\$aIPL-CLA$c20140331$lBLL01$h1629
=CAT  \\$aBATCH-UPD$b00$c20200229$lBLL01$h1805
=CAT  \\$aBATCH-CLA$b00$c20200301$lBLL01$h0102
=CFI  0\$aBritish Library not licensed to copy$c0$e01-apr-2014$hC$iCFP Excluded$5Uk
=FIN  \\$aY$d20060317
=FMT  \\$a  BK
=LAS  \\$aBATCH-CLA$b00$c20200301$lBLL01$h0102
=SID  \\$aZ39$bOCLC
=TCO  \\$aTRS$bCCC$c008

