=LDR  02341 am a22005777a 4500
=001  013423384
=003  Uk
=005  20060317082727.0
=008  060303s2006\\\\maua\\\\\b\\\\000\0\eng\d
=040  \\$aIUL$cIUL$dGZM$dUk
=100  1\$aGentzkow, Matthew.
=245  10$aDoes television rot your brain? :$bnew evidence from the Coleman Study /$cMatthew Gentzkow, Jesse M. Shapiro.
=260  \\$aCambridge, Mass. :$bNBER,$c2006.
=300  \\$a51 p. :$bill. ;$c22 cm.
=336  \\$atext$2rdacontent
=337  \\$aunmediated$2rdamedia
=338  \\$avolume$2rdacarrier
=490  1\$aNBER working paper series ;$vno. 12021
=500  \\$a"February 2006."
=504  \\$aIncludes bibliographical references (p. 29-32).
=530  \\$aAlso available in PDF from the NBER world wide web site.
=540  \\$aBritish Library not licensed to copy$c0$5Uk
=650  \0$aTelevision and children$xLongitudinal studies.
=650  \0$aAcademic achievement.
=650  \0$aPreschool children.
=700  1\$aShapiro, Jesse.
=710  2\$aNational Bureau of Economic Research.
=830  \0$aWorking paper series (National Bureau of Economic Research) ;$vworking paper no. 12021.
=852  41$aBritish Library$bDSC$j6067.719500$ino. 12021
=856  41$uhttp://www.nber.org/papers/W12021.pdf$zClick here to download PDF file
=ACF  \\$aBritish Library not licensed to copy$c0$e01-oct-2013$hC$iCFP Excluded$5Uk
=CAT  \\$a8197$b40$c20060310$lBLL01$h1434
=CAT  \\$a11317$b40$c20060317$lBLL01$h0827
=CAT  \\$aBATCH-CLA$b00$c20130527$lBLL01$h0129
=CAT  \\$aBATCH-CLA$b00$c20130630$lBLL01$h1629
=CAT  \\$aIPL-CLA$c20130701$lBLL01$h0058
=CAT  \\$aBATCH-CLA$b00$c20130702$lBLL01$h0201
=CAT  \\$aBATCH-CLA$b00$c20130929$lBLL01$h1618
=CAT  \\$aIPL-CLA$c20130930$lBLL01$h1746
=CAT  \\$aBATCH-CLA$b00$c20131202$lBLL01$h0326
=CAT  \\$aIPL-CLA$c20140101$lBLL01$h0001
=CAT  \\$aBATCH-CLA$b00$c20140327$lBLL01$h1828
=CAT  \\$aIPL-CLA$c20140331$lBLL01$h1629
=CAT  \\$aBATCH-UPD$b00$c20190411$lBLL01$h2054
=CAT  \\$aBATCH-CLA$b00$c20190412$lBLL01$h0104
=CFI  0\$aBritish Library not licensed to copy$c0$e01-apr-2014$hC$iCFP Excluded$5Uk
=FIN  \\$aY$d20060317
=FMT  \\$a  BK
=LAS  \\$aBATCH-CLA$b00$c20190412$lBLL01$h0104
=SID  \\$aZ39$bOCLC
=TCO  \\$aTRS$bCCC$c008

