=LDR  02437 am a22005897a 4500
=001  013423385
=003  Uk
=005  20201002010847.0
=008  060216s2006\\\\maua\\\\\b\\\\000\0\eng\d
=040  \\$aUNA$cUNA$dGZM$dIXA$dUk
=043  \\$an-us---
=100  1\$aAutor, David H.
=245  14$aThe polarization of the U.S. labor market /$cDavid H. Autor, Lawrence F. Katz, Melissa S. Kearney.
=260  \\$aCambridge, Mass. :$bNational Bureau of Economic Research,$c2006.
=300  \\$a14, [4], 6 p. :$bill. ;$c22 cm.
=336  \\$atext$2rdacontent
=337  \\$aunmediated$2rdamedia
=338  \\$avolume$2rdacarrier
=490  1\$aNBER working paper series ;$vworking paper 11986
=500  \\$a"January 2006."
=504  \\$aIncludes bibliographical references (p. 14-15).
=530  \\$aAlso available in PDF from the NBER world wide web site (www.nber.org).
=540  \\$aBritish Library not licensed to copy$c0$5Uk
=650  \0$aWage differentials$zUnited States$xHistory$y20th century.
=650  \0$aLabor market$zUnited States.
=700  1\$aKatz, Lawrence F.
=700  1\$aKearney, Melissa Schettini,$d1974-
=710  2\$aNational Bureau of Economic Research.
=830  \0$aWorking paper series (National Bureau of Economic Research) ;$vworking paper no. 11986.
=852  41$aBritish Library$bDSC$j6067.719500$i11986
=856  41$uhttp://www.nber.org/papers/W11986$zaccess online version
=ACF  \\$aBritish Library not licensed to copy$c0$e01-oct-2013$hC$iCFP Excluded$5Uk
=CAT  \\$a8457$b40$c20060310$lBLL01$h1435
=CAT  \\$a11250$b40$c20060317$lBLL01$h0846
=CAT  \\$aBATCH-CLA$b00$c20130527$lBLL01$h0129
=CAT  \\$aBATCH-CLA$b00$c20130630$lBLL01$h1629
=CAT  \\$aIPL-CLA$c20130701$lBLL01$h0058
=CAT  \\$aBATCH-CLA$b00$c20130702$lBLL01$h0201
=CAT  \\$aBATCH-CLA$b00$c20130929$lBLL01$h1618
=CAT  \\$aIPL-CLA$c20130930$lBLL01$h1746
=CAT  \\$aBATCH-CLA$b00$c20131202$lBLL01$h0326
=CAT  \\$aIPL-CLA$c20140101$lBLL01$h0001
=CAT  \\$aBATCH-CLA$b00$c20140327$lBLL01$h1828
=CAT  \\$aIPL-CLA$c20140331$lBLL01$h1629
=CAT  \\$aBATCH-UPD$b00$c20201001$lBLL01$h2043
=CAT  \\$aBATCH-CLA$b00$c20201002$lBLL01$h0108
=CFI  0\$aBritish Library not licensed to copy$c0$e01-apr-2014$hC$iCFP Excluded$5Uk
=FIN  \\$aY$d20060317
=FMT  \\$a  BK
=LAS  \\$aBATCH-CLA$b00$c20201002$lBLL01$h0108
=SID  \\$aZ39$bOCLC
=TCO  \\$aTRS$bCCC$c008

