=LDR  02460cam a2200589 a 4500
=001  013423867
=003  Uk
=005  20211218013845.0
=008  060221s2006\\\\maua\\\\\b\\\\000\0\eng\d
=040  \\$aUPM$cUPM$dUPM$dGZM$dUk
=050  10$aHB1$b.W654 no. 12015
=100  1\$aJagannathan, Ravi.
=245  10$aDo hot hands persist among hedge fund managers?$ban empirical evaluation /$cRavi Jagannathan, Alexey Malakhov, Dmitry Novikov.
=260  \\$aCambridge, Mass. :$bNational Bureau of Economic Research,$c2006.
=300  \\$a44 p. :$bill. ;$c22 cm.
=336  \\$atext$2rdacontent
=337  \\$aunmediated$2rdamedia
=338  \\$avolume$2rdacarrier
=490  1\$aNBER working paper series ;$vworking paper 12015
=500  \\$a"January 2006."
=504  \\$aIncludes bibliographical references (p. 42-44).
=530  \\$aAlso available in PDF from the NBER World Wide Web site (www.nber.org).
=540  \\$aBritish Library not licensed to copy$c0$5Uk
=650  \0$aHedge funds$xEvaluation$xStatistical methods.
=650  \0$aInvestment advisors$xEvaluation$xStatistical methods.
=700  1\$aMalakhov, Alexey.
=700  1\$aNovikov, Dmitry.
=710  2\$aNational Bureau of Economic Research.
=830  \0$aWorking paper series (National Bureau of Economic Research) ;$vworking paper no. 12015.
=852  41$aBritish Library$bDSC$j6067.719500$i12015
=856  41$uhttp://www.nber.org/papers/W12015$zaccess online
=ACF  \\$aBritish Library not licensed to copy$c0$e01-oct-2013$hC$iCFP Excluded$5Uk
=CAT  \\$a6098$b40$c20060313$lBLL01$h0911
=CAT  \\$a11317$b40$c20060317$lBLL01$h0835
=CAT  \\$aBATCH-CLA$b00$c20130527$lBLL01$h0130
=CAT  \\$aBATCH-CLA$b00$c20130630$lBLL01$h1629
=CAT  \\$aIPL-CLA$c20130701$lBLL01$h0058
=CAT  \\$aBATCH-CLA$b00$c20130702$lBLL01$h0201
=CAT  \\$aBATCH-CLA$b00$c20130929$lBLL01$h1618
=CAT  \\$aIPL-CLA$c20130930$lBLL01$h1746
=CAT  \\$aBATCH-CLA$b00$c20131202$lBLL01$h0326
=CAT  \\$aIPL-CLA$c20140101$lBLL01$h0001
=CAT  \\$aBATCH-CLA$b00$c20140327$lBLL01$h1828
=CAT  \\$aIPL-CLA$c20140331$lBLL01$h1629
=CAT  \\$aBATCH-UPD$b00$c20211217$lBLL01$h2047
=CAT  \\$aBATCH-CLA$b00$c20211218$lBLL01$h0138
=CFI  0\$aBritish Library not licensed to copy$c0$e01-apr-2014$hC$iCFP Excluded$5Uk
=FIN  \\$aY$d20060317
=FMT  \\$a  BK
=LAS  \\$aBATCH-CLA$b00$c20211218$lBLL01$h0138
=SID  \\$aZ39$bOCLC
=TCO  \\$aTRS$bCCC$c008

