=LDR  02539 am a2200613 a 4500
=001  013423949
=003  Uk
=005  20060317083808.0
=008  060221s2006\\\\maua\\\\\b\\\\000\0\eng\d
=040  \\$aUPM$cUPM$dGZM$dIUL$dUk
=043  \\$an-us---
=050  10$aHB1$b.W654 no. 12011
=100  1\$aDe Long, J. Bradford.
=245  12$aA short note on the size of the dot-com bubble /$cJ. Bradford DeLong, Konstantin Magin.
=260  \\$aCambridge, Mass. :$bNational Bureau of Economic Research,$c2006.
=300  \\$a14 p. :$bill. ;$c22 cm.
=336  \\$atext$2rdacontent
=337  \\$aunmediated$2rdamedia
=338  \\$avolume$2rdacarrier
=490  1\$aNBER working paper series ;$vworking paper 12011
=500  \\$a"January 2006."
=504  \\$aIncludes bibliographical references (p. 13-14).
=530  \\$aAlso available in PDF from the NBER World Wide Web site (www.nber.org).
=540  \\$aBritish Library not licensed to copy$c0$5Uk
=650  \0$aStocks$xPrices$zUnited States$xHistory$y20th century.
=650  \0$aInformation technology$xEconomic aspects$zUnited States.
=651  \0$aUnited States$xEconomic conditions$y1981-2001.
=700  1\$aMagin, Konstantin.
=710  2\$aNational Bureau of Economic Research.
=830  \0$aWorking paper series (National Bureau of Economic Research) ;$vworking paper no. 12011.
=852  41$aBritish Library$bDSC$j6067.719500$i12011
=856  41$uhttp://www.nber.org/papers/W12011$zaccess online
=ACF  \\$aBritish Library not licensed to copy$c0$e01-oct-2013$hC$iCFP Excluded$5Uk
=CAT  \\$a6098$b40$c20060313$lBLL01$h1027
=CAT  \\$a11317$b40$c20060317$lBLL01$h0837
=CAT  \\$a11317$b40$c20060317$lBLL01$h0838
=CAT  \\$aBATCH-CLA$b00$c20130527$lBLL01$h0130
=CAT  \\$aBATCH-CLA$b00$c20130630$lBLL01$h1629
=CAT  \\$aIPL-CLA$c20130701$lBLL01$h0058
=CAT  \\$aBATCH-CLA$b00$c20130702$lBLL01$h0201
=CAT  \\$aBATCH-CLA$b00$c20130929$lBLL01$h1618
=CAT  \\$aIPL-CLA$c20130930$lBLL01$h1746
=CAT  \\$aBATCH-CLA$b00$c20131202$lBLL01$h0326
=CAT  \\$aIPL-CLA$c20140101$lBLL01$h0001
=CAT  \\$aBATCH-CLA$b00$c20140327$lBLL01$h1828
=CAT  \\$aIPL-CLA$c20140331$lBLL01$h1629
=CAT  \\$aBATCH-UPD$b00$c20160611$lBLL01$h0025
=CAT  \\$aBATCH-CLA$b00$c20160612$lBLL01$h0138
=CFI  0\$aBritish Library not licensed to copy$c0$e01-apr-2014$hC$iCFP Excluded$5Uk
=FIN  \\$aY$d20060317
=FMT  \\$a  BK
=LAS  \\$aBATCH-CLA$b00$c20160612$lBLL01$h0138
=SID  \\$aZ39$bOCLC
=TCO  \\$aTRS$bCCC$c008

