=LDR  02400 am a22005657a 4500
=001  013423968
=003  Uk
=005  20060317084056.0
=008  060216s2006\\\\mau\\\\\\b\\\\000\0\eng\d
=040  \\$aUNA$cUNA$dGZM$dIUL$dIXA$dUk
=100  1\$aGodoy, Sergio,$d1969-
=245  10$aGrowth, initial conditions, law and speed of privatization in transition countries :$b11 years later /$cSergio Godoy, Joseph Stiglitz.
=260  \\$aCambridge, Mass. :$bNational Bureau of Economic Research,$c2006.
=300  \\$a29 p. ;$c22 cm.
=336  \\$atext$2rdacontent
=337  \\$aunmediated$2rdamedia
=338  \\$avolume$2rdacarrier
=490  1\$aNBER working paper series ;$vworking paper 11992
=500  \\$a"January 2006."
=504  \\$aIncludes bibliographical references (p. 23-25).
=530  \\$aAlso available in PDF from the NBER world wide web site (www.nber.org).
=540  \\$aBritish Library not licensed to copy$c0$5Uk
=650  \0$aPrivatization$zFormer communist countries.
=651  \0$aFormer communist countries$xEconomic conditions.
=700  1\$aStiglitz, Joseph E.
=710  2\$aNational Bureau of Economic Research.
=830  \0$aWorking paper series (National Bureau of Economic Research) ;$vworking paper no. 11992.
=852  41$aBritish Library$bDSC$j6067.719500$i11992
=856  41$uhttp://www.nber.org/papers/W11992$zaccess online version
=ACF  \\$aBritish Library not licensed to copy$c0$e01-oct-2013$hC$iCFP Excluded$5Uk
=CAT  \\$a6098$b40$c20060313$lBLL01$h1044
=CAT  \\$a11317$b40$c20060317$lBLL01$h0840
=CAT  \\$aBATCH-CLA$b00$c20130527$lBLL01$h0130
=CAT  \\$aBATCH-CLA$b00$c20130630$lBLL01$h1629
=CAT  \\$aIPL-CLA$c20130701$lBLL01$h0058
=CAT  \\$aBATCH-CLA$b00$c20130702$lBLL01$h0201
=CAT  \\$aBATCH-CLA$b00$c20130929$lBLL01$h1618
=CAT  \\$aIPL-CLA$c20130930$lBLL01$h1746
=CAT  \\$aBATCH-CLA$b00$c20131202$lBLL01$h0326
=CAT  \\$aIPL-CLA$c20140101$lBLL01$h0001
=CAT  \\$aBATCH-CLA$b00$c20140327$lBLL01$h1828
=CAT  \\$aIPL-CLA$c20140331$lBLL01$h1629
=CAT  \\$aBATCH-UPD$b00$c20181027$lBLL01$h1727
=CAT  \\$aBATCH-CLA$b00$c20181028$lBLL01$h0310
=CFI  0\$aBritish Library not licensed to copy$c0$e01-apr-2014$hC$iCFP Excluded$5Uk
=FIN  \\$aY$d20060317
=FMT  \\$a  BK
=LAS  \\$aBATCH-CLA$b00$c20181028$lBLL01$h0310
=SID  \\$aZ39$bOCLC
=TCO  \\$aTRS$bCCC$c008

