=LDR  02383 am a22005897a 4500
=001  013424339
=003  Uk
=005  20060317083901.0
=008  060227s2006\\\\mau\\\\\\b\\\\000\0\eng\d
=040  \\$aUNA$cUNA$dUk
=100  1\$aMankiw, N. Gregory.
=245  10$aPervasive stickiness :$b(expanded version) /$cN. Gregory Mankiw, Ricardo Reis.
=260  \\$aCambridge, Mass. :$bNational Bureau of Economic Research,$c2006.
=300  \\$a25 p. ;$c22 cm.
=336  \\$atext$2rdacontent
=337  \\$aunmediated$2rdamedia
=338  \\$avolume$2rdacarrier
=490  1\$aNBER working paper series ;$vworking paper 12024
=500  \\$a"February 2006."
=500  \\$aNBER working paper series
=504  \\$aIncludes bibliographical references.
=540  \\$aBritish Library not licensed to copy$c0$5Uk
=650  \0$aWages$xEconometric models.
=650  \0$aMacroeconomics$xEconometric models.
=650  \0$aLabor productivity$xEconometric models.
=650  \0$aBusiness cycles$xEconometric models.
=700  1\$aReis, Ricardo.
=710  2\$aNational Bureau of Economic Research.
=830  \0$aWorking paper series (National Bureau of Economic Research) ;$vworking paper no. 12024.
=852  41$aBritish Library$bDSC$j6067.719500$i12024
=856  41$uhttp://www.nber.org/papers/W12024$zaccess online version
=ACF  \\$aBritish Library not licensed to copy$c0$e01-oct-2013$hC$iCFP Excluded$5Uk
=CAT  \\$a6098$b40$c20060313$lBLL01$h1142
=CAT  \\$a11317$b40$c20060317$lBLL01$h0839
=CAT  \\$aBATCH-CLA$b00$c20130527$lBLL01$h0130
=CAT  \\$aBATCH-CLA$b00$c20130630$lBLL01$h1629
=CAT  \\$aIPL-CLA$c20130701$lBLL01$h0058
=CAT  \\$aBATCH-CLA$b00$c20130702$lBLL01$h0201
=CAT  \\$aBATCH-CLA$b00$c20130929$lBLL01$h1618
=CAT  \\$aIPL-CLA$c20130930$lBLL01$h1746
=CAT  \\$aBATCH-CLA$b00$c20131202$lBLL01$h0326
=CAT  \\$aIPL-CLA$c20140101$lBLL01$h0001
=CAT  \\$aBATCH-CLA$b00$c20140327$lBLL01$h1828
=CAT  \\$aIPL-CLA$c20140331$lBLL01$h1629
=CAT  \\$aBATCH-UPD$b00$c20171204$lBLL01$h2030
=CFI  0\$aBritish Library not licensed to copy$c0$e01-apr-2014$hC$iCFP Excluded$5Uk
=CFI  2\$aBritish Library not licensed to copy$c0$e01-jan-2014$hC$iCFP Excluded$5Uk
=FIN  \\$aY$d20060317
=FMT  \\$a  BK
=LAS  \\$aBATCH-UPD$b00$c20171204$lBLL01$h2030
=SID  \\$aZ39$bOCLC
=TCO  \\$aTRS$bCCC$c008

