=LDR  02431 am a22005897a 4500
=001  013427470
=003  Uk
=005  20060329145840.0
=008  060216s2006\\\\maua\\\\\b\\\\000\0\eng\d
=040  \\$aUNA$cUNA$dGZM$dOCLCQ$dIXA$dUk
=100  1\$aFriedberg, Leora.
=245  10$aLife is cheap :$busing mortality bonds to hedge aggregate mortality risk /$cLeora Friedberg, Anthony Webb.
=260  \\$aCambridge, Mass. :$bNational Bureau of Economic Research,$cc2006.
=300  \\$a35 p. :$bill. ;$c22 cm.
=336  \\$atext$2rdacontent
=337  \\$aunmediated$2rdamedia
=338  \\$avolume$2rdacarrier
=490  1\$aNBER working paper series ;$vworking paper 11984
=500  \\$a"January 2006."
=504  \\$aIncludes bibliographical references (p. 26-29).
=530  \\$aAlso available in PDF from the NBER world wide web site (www.nber.org).
=540  \\$aBritish Library not licensed to copy$c0$5Uk
=650  \0$aAnnuities.
=650  \0$aMortality$xEconomic aspects.
=650  \0$aLife expectancy$xEconomic aspects.
=650  \0$aInsurance, Life$xEconomic aspects.
=700  1\$aWebb, Anthony,$d1954-
=710  2\$aNational Bureau of Economic Research.
=830  \0$aWorking paper series (National Bureau of Economic Research) ;$vworking paper no. 11984.
=852  41$aBritish Library$bDSC$j6067.719500$i11984
=856  41$uhttp://www.nber.org/papers/W11984$zaccess online version
=ACF  \\$aBritish Library not licensed to copy$c0$e01-oct-2013$hC$iCFP Excluded$5Uk
=CAT  \\$a7164$b40$c20060315$lBLL01$h1300
=CAT  \\$a11250$b40$c20060329$lBLL01$h1458
=CAT  \\$aBATCH-CLA$b00$c20130527$lBLL01$h0130
=CAT  \\$aBATCH-CLA$b00$c20130630$lBLL01$h1629
=CAT  \\$aIPL-CLA$c20130701$lBLL01$h0058
=CAT  \\$aBATCH-CLA$b00$c20130702$lBLL01$h0201
=CAT  \\$aBATCH-CLA$b00$c20130929$lBLL01$h1618
=CAT  \\$aIPL-CLA$c20130930$lBLL01$h1746
=CAT  \\$aBATCH-CLA$b00$c20131202$lBLL01$h0326
=CAT  \\$aIPL-CLA$c20140101$lBLL01$h0001
=CAT  \\$aBATCH-CLA$b00$c20140327$lBLL01$h1828
=CAT  \\$aIPL-CLA$c20140331$lBLL01$h1629
=CAT  \\$aBATCH-UPD$b00$c20180930$lBLL01$h2049
=CAT  \\$aBATCH-CLA$b00$c20181001$lBLL01$h0101
=CFI  0\$aBritish Library not licensed to copy$c0$e01-apr-2014$hC$iCFP Excluded$5Uk
=FIN  \\$aY$d20060329
=FMT  \\$a  BK
=LAS  \\$aBATCH-CLA$b00$c20181001$lBLL01$h0101
=SID  \\$aZ39$bOCLC
=TCO  \\$aTRS$bCCC$c008

