=LDR  02433 am a22005777a 4500
=001  013427499
=003  Uk
=005  20060329145626.0
=008  060217s2006\\\\mau\\\\\\b\\\\000\0\eng\d
=040  \\$aIUL$cIUL$dGZM$dIXA$dUk
=043  \\$an-us---
=100  1\$aDonohue, John J.,$d1953-
=245  10$aMeasurement error, legalized abortion, and the decline in crime :$ba response to Foote and Goetz (2005) /$cJohn J. Donohue III, Steven D. Levitt.
=260  \\$aCambridge, Mass. :$bNational Bureau of Economic Research,$cc2006.
=300  \\$a[21] p. ;$c22 cm.
=336  \\$atext$2rdacontent
=337  \\$aunmediated$2rdamedia
=338  \\$avolume$2rdacarrier
=490  1\$aNBER working paper series ;$vno. 11987
=500  \\$a"January 2006."
=504  \\$aIncludes bibliographical references.
=530  \\$aAlso available in PDF from the NBER world wide web site (www.nber.org).
=540  \\$aBritish Library not licensed to copy$c0$5Uk
=650  \0$aAbortion$xLaw and legislation$xSocial aspects$zUnited States.
=650  \0$aCriminal statistics$zUnited States.
=700  1\$aLevitt, Steven D.
=710  2\$aNational Bureau of Economic Research.
=830  \0$aWorking paper series (National Bureau of Economic Research) ;$vworking paper no. 11987.
=852  41$aBritish Library$bDSC$j6067.719500$i11987
=856  41$uhttp://www.nber.org/papers/W11987.pdf$zClick here to download PDF file
=ACF  \\$aBritish Library not licensed to copy$c0$e01-oct-2013$hC$iCFP Excluded$5Uk
=CAT  \\$a7164$b40$c20060315$lBLL01$h1329
=CAT  \\$a11250$b40$c20060329$lBLL01$h1456
=CAT  \\$aBATCH-CLA$b00$c20130527$lBLL01$h0130
=CAT  \\$aBATCH-CLA$b00$c20130630$lBLL01$h1629
=CAT  \\$aIPL-CLA$c20130701$lBLL01$h0058
=CAT  \\$aBATCH-CLA$b00$c20130702$lBLL01$h0201
=CAT  \\$aBATCH-CLA$b00$c20130929$lBLL01$h1618
=CAT  \\$aIPL-CLA$c20130930$lBLL01$h1746
=CAT  \\$aBATCH-CLA$b00$c20131202$lBLL01$h0326
=CAT  \\$aIPL-CLA$c20140101$lBLL01$h0001
=CAT  \\$aBATCH-CLA$b00$c20140327$lBLL01$h1828
=CAT  \\$aIPL-CLA$c20140331$lBLL01$h1629
=CAT  \\$aBATCH-UPD$b00$c20170311$lBLL01$h1721
=CAT  \\$aBATCH-CLA$b00$c20170312$lBLL01$h0112
=CFI  0\$aBritish Library not licensed to copy$c0$e01-apr-2014$hC$iCFP Excluded$5Uk
=FIN  \\$aY$d20060329
=FMT  \\$a  BK
=LAS  \\$aBATCH-CLA$b00$c20170312$lBLL01$h0112
=SID  \\$aZ39$bOCLC
=TCO  \\$aTRS$bCCC$c008

