=LDR  02398cam a22005777a 4500
=001  013427511
=003  Uk
=005  20211218013846.0
=008  060216s2006\\\\maua\\\\\b\\\\000\0\eng\d
=040  \\$aUNA$cUNA$dGZM$dIXA$dUk
=100  10$aBorghans, L.
=245  10$aPeople people :$bsocial capital and the labor-market outcomes of underrepresented groups /$cLex Borghans, Bas ter Weel, Bruce A. Weinberg.
=260  \\$aCambridge, Mass. :$bNational Bureau of Economic Research,$cc2006.
=300  \\$a55 p. :$bill. ;$c22 cm..
=336  \\$atext$2rdacontent
=337  \\$aunmediated$2rdamedia
=338  \\$avolume$2rdacarrier
=490  1\$aNBER working paper series ;$vworking paper 11985
=500  \\$a"January 2006."
=504  \\$aIncludes bibliographical references (p. 29-35).
=530  \\$aAlso available in PDF from the NBER world wide web site (www.nber.org).
=540  \\$aBritish Library not licensed to copy$c0$5Uk
=650  \0$aSocial skills$xEconomic aspects.
=650  \0$aSocial capital (Sociology)
=700  1\$aTer Weel, Bas.
=700  1\$aWeinberg, Bruce A.
=710  2\$aNational Bureau of Economic Research.
=830  \0$aWorking paper series (National Bureau of Economic Research) ;$vworking paper no. 11985.
=852  41$aBritish Library$bDSC$j6067.719500$i11985
=856  41$uhttp://www.nber.org/papers/W11985$zaccess online version
=ACF  \\$aBritish Library not licensed to copy$c0$e01-oct-2013$hC$iCFP Excluded$5Uk
=CAT  \\$a7164$b40$c20060315$lBLL01$h1336
=CAT  \\$a11250$b40$c20060329$lBLL01$h1500
=CAT  \\$aBATCH-CLA$b00$c20130527$lBLL01$h0130
=CAT  \\$aBATCH-CLA$b00$c20130630$lBLL01$h1629
=CAT  \\$aIPL-CLA$c20130701$lBLL01$h0058
=CAT  \\$aBATCH-CLA$b00$c20130702$lBLL01$h0201
=CAT  \\$aBATCH-CLA$b00$c20130929$lBLL01$h1618
=CAT  \\$aIPL-CLA$c20130930$lBLL01$h1746
=CAT  \\$aBATCH-CLA$b00$c20131202$lBLL01$h0326
=CAT  \\$aIPL-CLA$c20140101$lBLL01$h0001
=CAT  \\$aBATCH-CLA$b00$c20140327$lBLL01$h1828
=CAT  \\$aIPL-CLA$c20140331$lBLL01$h1629
=CAT  \\$aBATCH-UPD$b00$c20211217$lBLL01$h2047
=CAT  \\$aBATCH-CLA$b00$c20211218$lBLL01$h0138
=CFI  0\$aBritish Library not licensed to copy$c0$e01-apr-2014$hC$iCFP Excluded$5Uk
=FIN  \\$aY$d20060329
=FMT  \\$a  BK
=LAS  \\$aBATCH-CLA$b00$c20211218$lBLL01$h0138
=SID  \\$aZ39$bOCLC
=TCO  \\$aTRS$bCCC$c008

