=LDR  02461 am a22006017a 4500
=001  013429860
=003  Uk
=005  20060320111353.0
=008  060309s2006\\\\maua\\\\\b\\\\000\0\eng\d
=040  \\$aGZM$cGZM
=043  \\$an-us---
=100  1\$aGordon, Nora.
=245  14$aThe causes of political integration :$ban application to school districts /$cNora Gordon, Brian Knight.
=260  \\$aCambridge, Mass. :$bNational Bureau of Economic Research,$cc2006.
=300  \\$a30, [12] p. :$bill. ;$c22 cm.
=336  \\$atext$2rdacontent
=337  \\$aunmediated$2rdamedia
=338  \\$avolume$2rdacarrier
=490  1\$aNBER working paper paper series ;$vno. 12047
=500  \\$a"February 2006."
=504  \\$aIncludes bibliographical references (p. 29-30).
=530  \\$aAlso available in PDF from the NBER world wide web site (www.nber.org).
=540  \\$aBritish Library not licensed to copy$c0$5Uk
=650  \0$aSchools$xCentralization$zUnited States.
=650  \0$aEducation and state$zUnited States.
=700  1\$aKnight, Brian G.
=710  2\$aNational Bureau of Economic Research.
=830  \0$aWorking paper series (National Bureau of Economic Research) ;$vworking paper no. 12047.
=852  41$aBritish Library$bDSC$j6067.719500$i12047
=856  41$uhttp://www.nber.org/papers/W12047.pdf$zClick here to download PDF file
=985  \\$aProvisional record - DSC
=ACF  \\$aBritish Library not licensed to copy$c0$e01-oct-2013$hC$iCFP Excluded$5Uk
=CAT  \\$a6098$b40$c20060320$lBLL01$h1111
=CAT  \\$a6098$b40$c20060320$lBLL01$h1112
=CAT  \\$a6098$b40$c20060320$lBLL01$h1113
=CAT  \\$aBATCH-CLA$b00$c20130527$lBLL01$h0130
=CAT  \\$aBATCH-CLA$b00$c20130630$lBLL01$h1629
=CAT  \\$aIPL-CLA$c20130701$lBLL01$h0058
=CAT  \\$aBATCH-CLA$b00$c20130702$lBLL01$h0201
=CAT  \\$aBATCH-CLA$b00$c20130929$lBLL01$h1618
=CAT  \\$aIPL-CLA$c20130930$lBLL01$h1746
=CAT  \\$aBATCH-CLA$b00$c20131202$lBLL01$h0326
=CAT  \\$aIPL-CLA$c20140101$lBLL01$h0001
=CAT  \\$aBATCH-CLA$b00$c20140327$lBLL01$h1828
=CAT  \\$aIPL-CLA$c20140331$lBLL01$h1629
=CAT  \\$aBATCH-UPD$b00$c20170704$lBLL01$h0820
=CAT  \\$aBATCH-CLA$b00$c20170705$lBLL01$h0156
=CFI  0\$aBritish Library not licensed to copy$c0$e01-apr-2014$hC$iCFP Excluded$5Uk
=FIN  \\$aY$d20060320
=FMT  \\$a  BK
=LAS  \\$aBATCH-CLA$b00$c20170705$lBLL01$h0156
=SID  \\$aZ39$bOCLC
=TCO  \\$aTRS$bCCC$c008

