=LDR  02525 am a22006137a 4500
=001  013429876
=003  Uk
=005  20060320112332.0
=008  060303s2006\\\\maua\\\\\b\\\\000\0\eng\d
=040  \\$aIUL$cIUL$dIUL$dGZM
=100  1\$aCutler, David M.
=245  10$aHow do the better educated do it? :$bsocioeconomic status and the ability to cope with underlying impairment /$cDavid M. Cutler, Mary Beth Landrum, Kate A. Stewart.
=260  \\$aCambridge, Mass. :$bNational Bureau of Economic Research,$cc2006.
=300  \\$a26, [36] p. :$bill. ;$c22 cm.
=336  \\$atext$2rdacontent
=337  \\$aunmediated$2rdamedia
=338  \\$avolume$2rdacarrier
=490  1\$aNBER working paper series ;$vno. 12040
=500  \\$a"February 2006."
=504  \\$aIncludes bibliographical references (p. 24-26).
=530  \\$aAlso available in PDF from the NBER world wide web site (www.nber.org).
=540  \\$aBritish Library not licensed to copy$c0$5Uk
=650  \0$aPeople with disabilities.
=650  \0$aOlder people.
=650  \0$aAdjustment (Psychology)
=650  \0$aLife skills.
=650  \0$aSocial status$xHealth aspects.
=700  1\$aLandrum, Mary Beth.
=700  1\$aStewart, Kate A.
=710  2\$aNational Bureau of Economic Research.
=830  \0$aWorking paper series (National Bureau of Economic Research) ;$vworking paper no. 12040.
=852  41$aBritish Library$bDSC$j6067.719500$i12040
=856  41$uhttp://www.nber.org/papers/W12040.pdf$zClick here to download PDF file
=985  \\$aProvisional record - DSC
=ACF  \\$aBritish Library not licensed to copy$c0$e01-oct-2013$hC$iCFP Excluded$5Uk
=CAT  \\$a6098$b40$c20060320$lBLL01$h1123
=CAT  \\$aBATCH-CLA$b00$c20130527$lBLL01$h0130
=CAT  \\$aBATCH-CLA$b00$c20130630$lBLL01$h1629
=CAT  \\$aIPL-CLA$c20130701$lBLL01$h0058
=CAT  \\$aBATCH-CLA$b00$c20130702$lBLL01$h0201
=CAT  \\$aBATCH-CLA$b00$c20130929$lBLL01$h1618
=CAT  \\$aIPL-CLA$c20130930$lBLL01$h1746
=CAT  \\$aBATCH-CLA$b00$c20131202$lBLL01$h0326
=CAT  \\$aIPL-CLA$c20140101$lBLL01$h0001
=CAT  \\$aBATCH-CLA$b00$c20140327$lBLL01$h1828
=CAT  \\$aIPL-CLA$c20140331$lBLL01$h1629
=CAT  \\$aBATCH-UPD$b00$c20181205$lBLL01$h1543
=CAT  \\$aBATCH-CLA$b00$c20181206$lBLL01$h0108
=CFI  0\$aBritish Library not licensed to copy$c0$e01-apr-2014$hC$iCFP Excluded$5Uk
=FIN  \\$aY$d20060320
=FMT  \\$a  BK
=LAS  \\$aBATCH-CLA$b00$c20181206$lBLL01$h0108
=SID  \\$aZ39$bOCLC
=TCO  \\$aTRS$bCCC$c008

