=LDR  02394 am a22005777a 4500
=001  013429912
=003  Uk
=005  20210615010452.0
=008  060303s2006\\\\maua\\\\\b\\\\000\0\eng\d
=040  \\$aUNA$cUNA$dGZM$dUk
=100  1\$aGrenadier, Steven R.
=245  10$aInvestment under uncertainty and time-inconsistent preferences /$cSteven R. Grenadier, Neng Wang.
=260  \\$aCambridge, Mass. :$bNational Bureau of Economic Research,$c2006.
=300  \\$a44, [3] p. :$bill. ;$c22 cm.
=336  \\$atext$2rdacontent
=337  \\$aunmediated$2rdamedia
=338  \\$avolume$2rdacarrier
=490  1\$aNBER working paper series ;$vworking paper 12042
=500  \\$a"February 2006."
=504  \\$aIncludes bibliographical references (p. 42-44).
=530  \\$aAlso available in PDF from the NBER world wide web site (www.nber.org).
=540  \\$aBritish Library not licensed to copy$c0$5Uk
=650  \0$aOptions (Finance)$xEconometric models.
=650  \0$aInvestments$xEconometric models.
=650  \0$aBusinesspeople$xEconometric models.
=700  1\$aWang, Neng.
=710  2\$aNational Bureau of Economic Research.
=830  \0$aWorking paper series (National Bureau of Economic Research) ;$vworking paper no. 12042.
=852  41$aBritish Library$bDSC$j6067.719500$ino. 12042
=856  41$uhttp://www.nber.org/papers/W12042$zaccess online version
=ACF  \\$aBritish Library not licensed to copy$c0$e01-oct-2013$hC$iCFP Excluded$5Uk
=CAT  \\$a9504$b40$c20060320$lBLL01$h1141
=CAT  \\$a11250$b40$c20060328$lBLL01$h1040
=CAT  \\$aBATCH-CLA$b00$c20130527$lBLL01$h0130
=CAT  \\$aBATCH-CLA$b00$c20130630$lBLL01$h1629
=CAT  \\$aIPL-CLA$c20130701$lBLL01$h0058
=CAT  \\$aBATCH-CLA$b00$c20130702$lBLL01$h0201
=CAT  \\$aBATCH-CLA$b00$c20130929$lBLL01$h1618
=CAT  \\$aIPL-CLA$c20130930$lBLL01$h1746
=CAT  \\$aBATCH-CLA$b00$c20131202$lBLL01$h0326
=CAT  \\$aIPL-CLA$c20140101$lBLL01$h0001
=CAT  \\$aBATCH-CLA$b00$c20140327$lBLL01$h1828
=CAT  \\$aIPL-CLA$c20140331$lBLL01$h1629
=CAT  \\$aBATCH-UPD$b00$c20210614$lBLL01$h2021
=CAT  \\$aBATCH-CLA$b00$c20210615$lBLL01$h0104
=CFI  0\$aBritish Library not licensed to copy$c0$e01-apr-2014$hC$iCFP Excluded$5Uk
=FIN  \\$aY$d20060328
=FMT  \\$a  BK
=LAS  \\$aBATCH-CLA$b00$c20210615$lBLL01$h0104
=SID  \\$aZ39$bOCLC
=TCO  \\$aTRS$bCCC$c008

