=LDR  02333 am a22005657a 4500
=001  013429944
=003  Uk
=005  20060328103659.0
=008  060321s2006\\\\maua\\\\\b\\\\000\0\eng\d
=040  \\$aIUL$cIUL$dGZM$dUk
=043  \\$an-us---
=245  00$aUnhappiness after Hurricane Katrina /$cMiles Kimball ... [et al.]
=260  \\$aCambridge, Mass. :$bNational Bureau of Economic Research,$cc2006.
=300  \\$a32 p. :$bill. ;$c22 cm.
=336  \\$atext$2rdacontent
=337  \\$aunmediated$2rdamedia
=338  \\$avolume$2rdacarrier
=490  1\$aNBER working paper series ;$vno. 12062
=500  \\$a"February 2006"
=504  \\$aIncludes bibliographical references (p. 14).
=530  \\$aAlso available in PDF from the NBER world wide web site (www.nber.org).
=540  \\$aBritish Library not licensed to copy$c0$5Uk
=650  \0$aHappiness$zUnited States.
=650  \0$aHurricane Katrina, 2005$xEconomic aspects.
=700  1\$aKimball, Miles S.
=710  2\$aNational Bureau of Economic Research.
=830  \0$aWorking paper series (National Bureau of Economic Research) ;$vworking paper no. 12062.
=852  41$aBritish Library$bDSC$j6067.719500$ino. 12062
=856  41$uhttp://www.nber.org/papers/W12062.pdf$zClick here to download PDF file
=ACF  \\$aBritish Library not licensed to copy$c0$e01-oct-2013$hC$iCFP Excluded$5Uk
=CAT  \\$a9504$b40$c20060320$lBLL01$h1153
=CAT  \\$a11250$b40$c20060328$lBLL01$h1037
=CAT  \\$aBATCH-CLA$b00$c20130527$lBLL01$h0130
=CAT  \\$aBATCH-CLA$b00$c20130630$lBLL01$h1629
=CAT  \\$aIPL-CLA$c20130701$lBLL01$h0058
=CAT  \\$aBATCH-CLA$b00$c20130702$lBLL01$h0201
=CAT  \\$aBATCH-CLA$b00$c20130929$lBLL01$h1618
=CAT  \\$aIPL-CLA$c20130930$lBLL01$h1746
=CAT  \\$aBATCH-CLA$b00$c20131202$lBLL01$h0326
=CAT  \\$aIPL-CLA$c20140101$lBLL01$h0001
=CAT  \\$aBATCH-CLA$b00$c20140327$lBLL01$h1828
=CAT  \\$aIPL-CLA$c20140331$lBLL01$h1629
=CAT  \\$aBATCH-UPD$b00$c20160612$lBLL01$h2238
=CFI  0\$aBritish Library not licensed to copy$c0$e01-apr-2014$hC$iCFP Excluded$5Uk
=CFI  2\$aBritish Library not licensed to copy$c0$e01-jan-2014$hC$iCFP Excluded$5Uk
=FIN  \\$aY$d20060328
=FMT  \\$a  BK
=LAS  \\$aBATCH-UPD$b00$c20160612$lBLL01$h2238
=SID  \\$aZ39$bOCLC
=TCO  \\$aTRS$bCCC$c008

