=LDR  02374 am a22005537a 4500
=001  013429971
=003  Uk
=005  20200725010249.0
=008  060322s2006\\\\mau\\\\\\b\\\\000\0\eng\d
=040  \\$aIUL$cIUL$dGZM$dUk
=043  \\$an-us---
=245  00$aInside the black box of doctoral education :$bwhat program characteristics influence doctoral students' attrition and graduation probabilities? /$cRonald G. Ehrenberg ... [et al.]
=260  \\$aCambridge, Mass. :$bNational Bureau of Economic Research,$cc2006.
=300  \\$a28 p. ;$c22 cm.
=336  \\$atext$2rdacontent
=337  \\$aunmediated$2rdamedia
=338  \\$avolume$2rdacarrier
=490  1\$aNBER working paper series ;$vno. 12065
=500  \\$a"February 2006."
=504  \\$aIncludes bibliographical references (p. 15).
=530  \\$aAlso available in PDF from the NBER world wide web site (www.nber.org).
=540  \\$aBritish Library not licensed to copy$c0$5Uk
=650  \0$aUniversities and colleges$zUnited States$xGraduate work.
=700  1\$aEhrenberg, Ronald G.
=710  2\$aNational Bureau of Economic Research.
=830  \0$aWorking paper series (National Bureau of Economic Research) ;$vworking paper no. 12065.
=852  41$aBritish Library$bDSC$j6067.719500$i12065
=856  41$uhttp://www.nber.org/papers/W12065.pdf$zClick here to download PDF file
=ACF  \\$aBritish Library not licensed to copy$c0$e01-oct-2013$hC$iCFP Excluded$5Uk
=CAT  \\$a6098$b40$c20060320$lBLL01$h1216
=CAT  \\$a11317$b40$c20060328$lBLL01$h1124
=CAT  \\$aBATCH-CLA$b00$c20130527$lBLL01$h0130
=CAT  \\$aBATCH-CLA$b00$c20130630$lBLL01$h1629
=CAT  \\$aIPL-CLA$c20130701$lBLL01$h0058
=CAT  \\$aBATCH-CLA$b00$c20130702$lBLL01$h0201
=CAT  \\$aBATCH-CLA$b00$c20130929$lBLL01$h1618
=CAT  \\$aIPL-CLA$c20130930$lBLL01$h1746
=CAT  \\$aBATCH-CLA$b00$c20131202$lBLL01$h0326
=CAT  \\$aIPL-CLA$c20140101$lBLL01$h0001
=CAT  \\$aBATCH-CLA$b00$c20140327$lBLL01$h1828
=CAT  \\$aIPL-CLA$c20140331$lBLL01$h1629
=CAT  \\$aBATCH-UPD$b00$c20200724$lBLL01$h2024
=CAT  \\$aBATCH-CLA$b00$c20200725$lBLL01$h0102
=CFI  0\$aBritish Library not licensed to copy$c0$e01-apr-2014$hC$iCFP Excluded$5Uk
=FIN  \\$aY$d20060328
=FMT  \\$a  BK
=LAS  \\$aBATCH-CLA$b00$c20200725$lBLL01$h0102
=SID  \\$aZ39$bOCLC
=TCO  \\$aTRS$bCCC$c008

