=LDR  02314 am a22005537a 4500
=001  013430061
=003  Uk
=005  20060328115733.0
=008  060307s2006\\\\mau\\\\\\b\\\\000\0\eng\\
=040  \\$aIUL$cIUL$dGZM$dUk
=100  1\$aBordo, Michael D.
=245  10$aLegal-political factors and the historical evolution of the finance-growth link /$cMichael D. Bordo, Peter L. Rousseau.
=260  \\$aCambridge, Mass. :$bNational Bureau of Economic Research,$cc2006.
=300  \\$a31 p. ;$c22 cm.
=336  \\$atext$2rdacontent
=337  \\$aunmediated$2rdamedia
=338  \\$avolume$2rdacarrier
=490  1\$aNBER working paper series ;$vno. 12035
=500  \\$a"February 2006."
=504  \\$aIncludes bibliographical references (p. 27-31).
=530  \\$aAlso available in PDF from the NBER world wide web site (www.nber.org).
=540  \\$aBritish Library not licensed to copy$c0$5Uk
=650  \0$aEconomic development$xEconometric models.
=700  1\$aRousseau, Peter L.
=710  2\$aNational Bureau of Economic Research.
=830  \0$aWorking paper series (National Bureau of Economic Research) ;$vworking paper no. 12035.
=852  41$aBritish Library$bDSC$j6067.719500$ino. 12035
=856  41$uhttp://www.nber.org/papers/W12035.pdf$zClick here to download PDF file
=ACF  \\$aBritish Library not licensed to copy$c0$e01-oct-2013$hC$iCFP Excluded$5Uk
=CAT  \\$a8197$b40$c20060320$lBLL01$h1345
=CAT  \\$a10746$b40$c20060328$lBLL01$h1157
=CAT  \\$aBATCH-CLA$b00$c20130527$lBLL01$h0130
=CAT  \\$aBATCH-CLA$b00$c20130630$lBLL01$h1629
=CAT  \\$aIPL-CLA$c20130701$lBLL01$h0058
=CAT  \\$aBATCH-CLA$b00$c20130702$lBLL01$h0201
=CAT  \\$aBATCH-CLA$b00$c20130929$lBLL01$h1618
=CAT  \\$aIPL-CLA$c20130930$lBLL01$h1746
=CAT  \\$aBATCH-CLA$b00$c20131202$lBLL01$h0326
=CAT  \\$aIPL-CLA$c20140101$lBLL01$h0001
=CAT  \\$aBATCH-CLA$b00$c20140327$lBLL01$h1828
=CAT  \\$aIPL-CLA$c20140331$lBLL01$h1629
=CAT  \\$aBATCH-UPD$b00$c20170208$lBLL01$h2024
=CAT  \\$aBATCH-CLA$b00$c20170209$lBLL01$h0114
=CFI  0\$aBritish Library not licensed to copy$c0$e01-apr-2014$hC$iCFP Excluded$5Uk
=FIN  \\$aY$d20060328
=FMT  \\$a  BK
=LAS  \\$aBATCH-CLA$b00$c20170209$lBLL01$h0114
=SID  \\$aZ39$bOCLC
=TCO  \\$aTRS$bCCC$c008

