=LDR  02403 am a22005773a 4500
=001  013430093
=003  Uk
=005  20060320140930.0
=008  060309s2006\\\\mau\\\\\\b\\\\000\0\eng\d
=040  \\$aGZM$cGZM$dGZM$dGUL
=100  1\$aBilmes, Linda.
=245  14$aThe economic costs of the Iraq War :$ban appraisal three years after the beginning of the conflict /$cLinda Bilmes, Joseph Stiglitz.
=260  \\$aCambridge, Mass. :$bNBER,$c2006.
=260  \\$aCambridge, Mass. :$bNational Bureau of Economic Research,$cc2006.
=300  \\$a36 p. ;$c22 cm.
=336  \\$atext$2rdacontent
=337  \\$aunmediated$2rdamedia
=338  \\$avolume$2rdacarrier
=490  1\$aNBER working paper paper series ;$vno. 12054
=500  \\$a"February 2006."
=504  \\$aIncludes bibliographical references (p. 35-36).
=530  \\$aAlso available in PDF from the NBER world wide web site (www.nber.org).
=540  \\$aBritish Library not licensed to copy$c0$5Uk
=650  \0$aIraq War, 2003-$xCosts.
=700  1\$aStiglitz, Joseph E.
=710  2\$aNational Bureau of Economic Research.
=830  \0$aWorking paper series (National Bureau of Economic Research) ;$vworking paper no. 12054.
=852  41$aBritish Library$bDSC$j6067.719500$ino. 12054
=856  41$uhttp://www.nber.org/papers/W12054.pdf$zClick here to download PDF file
=985  \\$aProvisional record - DSC
=ACF  \\$aBritish Library not licensed to copy$c0$e01-oct-2013$hC$iCFP Excluded$5Uk
=CAT  \\$a8197$b40$c20060320$lBLL01$h1407
=CAT  \\$a8197$b40$c20060320$lBLL01$h1409
=CAT  \\$aBATCH-CLA$b00$c20130527$lBLL01$h0130
=CAT  \\$aBATCH-CLA$b00$c20130630$lBLL01$h1629
=CAT  \\$aIPL-CLA$c20130701$lBLL01$h0058
=CAT  \\$aBATCH-CLA$b00$c20130702$lBLL01$h0201
=CAT  \\$aBATCH-CLA$b00$c20130929$lBLL01$h1618
=CAT  \\$aIPL-CLA$c20130930$lBLL01$h1746
=CAT  \\$aBATCH-CLA$b00$c20131202$lBLL01$h0326
=CAT  \\$aIPL-CLA$c20140101$lBLL01$h0001
=CAT  \\$aBATCH-CLA$b00$c20140327$lBLL01$h1828
=CAT  \\$aIPL-CLA$c20140331$lBLL01$h1629
=CAT  \\$aBATCH-UPD$b00$c20181027$lBLL01$h1727
=CAT  \\$aBATCH-CLA$b00$c20181028$lBLL01$h0310
=CFI  0\$aBritish Library not licensed to copy$c0$e01-apr-2014$hC$iCFP Excluded$5Uk
=FIN  \\$aY$d20060320
=FMT  \\$a  BK
=LAS  \\$aBATCH-CLA$b00$c20181028$lBLL01$h0310
=SID  \\$aZ39$bOCLC
=TCO  \\$aTRS$bCCC$c008

