=LDR  02523 am a22006017a 4500
=001  013430110
=003  Uk
=005  20210720010813.0
=008  060309s2006\\\\maua\\\\\b\\\\000\0\eng\d
=040  \\$aGZM$cGZM$dUk
=100  1\$aBlonigen, Bruce A.$q(Bruce Aloysius)
=245  10$aNew measures of port efficiency using international trade data /$cBruce A. Blonigen, Wesley W. Wilson.
=260  \\$aCambridge, Mass. :$bNational Bureau of Economic Research,$cc2006.
=300  \\$a30 p. :$bill. ;$c22 cm.
=336  \\$atext$2rdacontent
=337  \\$aunmediated$2rdamedia
=338  \\$avolume$2rdacarrier
=490  1\$aNBER working paper paper series ;$vno. 12052
=500  \\$a"February 2006."
=504  \\$aIncludes bibliographical references (p. 19-20).
=530  \\$aAlso available in PDF from the NBER world wide web site (www.nber.org).
=540  \\$aBritish Library not licensed to copy$c0$5Uk
=650  \0$aInternational trade$xMathematical models.
=650  \0$aHarbors$xMathematical models.
=650  \0$aShipping$xMathematical models.
=700  1\$aWilson, Wesley W.
=710  2\$aNational Bureau of Economic Research.
=830  \0$aWorking paper series (National Bureau of Economic Research) ;$vworking paper no. 12052.
=852  41$aBritish Library$bDSC$j6067.719500$ino. 12052
=856  41$uhttp://www.nber.org/papers/W12052.pdf$zClick here to download PDF file
=ACF  \\$aBritish Library not licensed to copy$c0$e01-oct-2013$hC$iCFP Excluded$5Uk
=CAT  \\$a8197$b40$c20060320$lBLL01$h1417
=CAT  \\$a11250$b40$c20060328$lBLL01$h1029
=CAT  \\$aBATCH-CLA$b00$c20130527$lBLL01$h0130
=CAT  \\$aBATCH-CLA$b00$c20130630$lBLL01$h1629
=CAT  \\$aIPL-CLA$c20130701$lBLL01$h0058
=CAT  \\$aBATCH-CLA$b00$c20130702$lBLL01$h0201
=CAT  \\$aBATCH-CLA$b00$c20130929$lBLL01$h1618
=CAT  \\$aIPL-CLA$c20130930$lBLL01$h1746
=CAT  \\$aBATCH-CLA$b00$c20131202$lBLL01$h0326
=CAT  \\$aIPL-CLA$c20140101$lBLL01$h0001
=CAT  \\$aBATCH-CLA$b00$c20140327$lBLL01$h1828
=CAT  \\$aIPL-CLA$c20140331$lBLL01$h1629
=CAT  \\$aBATCH-UPD$b00$c20191127$lBLL01$h1624
=CAT  \\$aBATCH-CLA$b00$c20191128$lBLL01$h0108
=CAT  \\$aBATCH-UPD$b00$c20210719$lBLL01$h2205
=CAT  \\$aBATCH-CLA$b00$c20210720$lBLL01$h0108
=CFI  0\$aBritish Library not licensed to copy$c0$e01-apr-2014$hC$iCFP Excluded$5Uk
=FIN  \\$aY$d20060328
=FMT  \\$a  BK
=LAS  \\$aBATCH-CLA$b00$c20210720$lBLL01$h0108
=SID  \\$aZ39$bOCLC
=TCO  \\$aTRS$bCCC$c008

