=LDR  02325 am a22005537a 4500
=001  013430124
=003  Uk
=005  20210621010152.0
=008  060322s2006\\\\maua\\\\\b\\\\000\0\eng\\
=040  \\$aIUL$cIUL$dGZM$dUk
=100  1\$aOyer, Paul E.$q(Paul Edward),$d1963-
=245  14$aThe making of an investment banker :$bmacroeconomic shocks, career choice, and lifetime income /$cPaul Oyer.
=260  \\$aCambridge, Mass. :$bNational Bureau of Economic Research,$cc2006.
=300  \\$a32 p. :$bill. ;$c22 cm.
=336  \\$atext$2rdacontent
=337  \\$aunmediated$2rdamedia
=338  \\$avolume$2rdacarrier
=490  1\$aNBER working paper series ;$vno. 12059
=500  \\$a"February 2006."
=504  \\$aIncludes bibliographical references (p. 31-32).
=530  \\$aAlso available in PDF from the NBER world wide web site (www.nber.org).
=540  \\$aBritish Library not licensed to copy$c0$5Uk
=650  \0$aInvestment bankers$xMathematical models.
=650  \0$aHuman capital.
=710  2\$aNational Bureau of Economic Research.
=830  \0$aWorking paper series (National Bureau of Economic Research) ;$vworking paper no. 12059.
=852  41$aBritish Library$bDSC$j6067.719500$ino. 12059
=856  41$uhttp://www.nber.org/papers/W12059.pdf$zClick here to download PDF file
=ACF  \\$aBritish Library not licensed to copy$c0$e01-oct-2013$hC$iCFP Excluded$5Uk
=CAT  \\$a8197$b40$c20060320$lBLL01$h1422
=CAT  \\$a10746$b40$c20060328$lBLL01$h1124
=CAT  \\$aBATCH-CLA$b00$c20130527$lBLL01$h0130
=CAT  \\$aBATCH-CLA$b00$c20130630$lBLL01$h1629
=CAT  \\$aIPL-CLA$c20130701$lBLL01$h0058
=CAT  \\$aBATCH-CLA$b00$c20130702$lBLL01$h0201
=CAT  \\$aBATCH-CLA$b00$c20130929$lBLL01$h1618
=CAT  \\$aIPL-CLA$c20130930$lBLL01$h1746
=CAT  \\$aBATCH-CLA$b00$c20131202$lBLL01$h0326
=CAT  \\$aIPL-CLA$c20140101$lBLL01$h0001
=CAT  \\$aBATCH-CLA$b00$c20140327$lBLL01$h1828
=CAT  \\$aIPL-CLA$c20140331$lBLL01$h1629
=CAT  \\$aBATCH-UPD$b00$c20210620$lBLL01$h2034
=CAT  \\$aBATCH-CLA$b00$c20210621$lBLL01$h0101
=CFI  0\$aBritish Library not licensed to copy$c0$e01-apr-2014$hC$iCFP Excluded$5Uk
=FIN  \\$aY$d20060328
=FMT  \\$a  BK
=LAS  \\$aBATCH-CLA$b00$c20210621$lBLL01$h0101
=SID  \\$aZ39$bOCLC
=TCO  \\$aTRS$bCCC$c008

