=LDR  02405 am a22005777a 4500
=001  013430263
=003  Uk
=005  20210218010556.0
=008  060322s2006\\\\maua\\\\\b\\\\000\0\eng\\
=040  \\$aIUL$cIUL$dGZM$dUk
=043  \\$an-us---
=100  1\$aKunreuther, Howard.
=245  10$aLooking beyond TRIA :$ba clinical examination of potential terrorism loss sharing /$cHoward Kunreuther, Erwann Michel-Kerjan.
=260  \\$aCambridge, Mass. :$bNational Bureau of Economic Research,$c2006.
=300  \\$a39 p. :$bill. ;$c22 cm.
=336  \\$atext$2rdacontent
=337  \\$aunmediated$2rdamedia
=338  \\$avolume$2rdacarrier
=490  1\$aNBER working paper series ;$vno. 12069
=500  \\$a"February 2006"
=504  \\$aIncludes bibliographical references.
=530  \\$aAlso available in PDF from the NBER world wide web site (www.nber.org).
=540  \\$aBritish Library not licensed to copy$c0$5Uk
=610  10$aUnited States.$tTerrorism Risk Insurance Act of 2002.
=650  \0$aTerrorism insurance$zUnited States.
=700  1\$aMichel-Kerjan, Erwann.
=710  2\$aNational Bureau of Economic Research.
=830  \0$aWorking paper series (National Bureau of Economic Research) ;$vworking paper no. 12069.
=852  41$aBritish Library$bDSC$j6067.719500$i12069
=856  41$uhttp://www.nber.org/papers/W12069.pdf$zClick here to download PDF file
=ACF  \\$aBritish Library not licensed to copy$c0$e01-oct-2013$hC$iCFP Excluded$5Uk
=CAT  \\$a8457$b40$c20060320$lBLL01$h1557
=CAT  \\$a10746$b40$c20060328$lBLL01$h1144
=CAT  \\$aBATCH-CLA$b00$c20130527$lBLL01$h0130
=CAT  \\$aBATCH-CLA$b00$c20130630$lBLL01$h1629
=CAT  \\$aIPL-CLA$c20130701$lBLL01$h0058
=CAT  \\$aBATCH-CLA$b00$c20130702$lBLL01$h0201
=CAT  \\$aBATCH-CLA$b00$c20130929$lBLL01$h1618
=CAT  \\$aIPL-CLA$c20130930$lBLL01$h1746
=CAT  \\$aBATCH-CLA$b00$c20131202$lBLL01$h0326
=CAT  \\$aIPL-CLA$c20140101$lBLL01$h0001
=CAT  \\$aBATCH-CLA$b00$c20140327$lBLL01$h1828
=CAT  \\$aIPL-CLA$c20140331$lBLL01$h1629
=CAT  \\$aBATCH-UPD$b00$c20210217$lBLL01$h2032
=CAT  \\$aBATCH-CLA$b00$c20210218$lBLL01$h0105
=CFI  0\$aBritish Library not licensed to copy$c0$e01-apr-2014$hC$iCFP Excluded$5Uk
=FIN  \\$aY$d20060328
=FMT  \\$a  BK
=LAS  \\$aBATCH-CLA$b00$c20210218$lBLL01$h0105
=SID  \\$aZ39$bOCLC
=TCO  \\$aTRS$bCCC$c008

