=LDR  02524 am a22006017a 4500
=001  013432734
=003  Uk
=005  20060322103028.0
=008  060309s2006\\\\mau\\\\\\b\\\\000\0\eng\d
=040  \\$aGZM$cGZM
=100  10$aGalenson, David W.
=245  14$aThe most important works of art of the twentieth century /$cDavid W. Galenson.
=260  \\$aCambridge, Mass. :$bNational Bureau of Economic Research,$cc2006.
=300  \\$a25, [4] p. ;$c22 cm.
=336  \\$atext$2rdacontent
=337  \\$aunmediated$2rdamedia
=338  \\$avolume$2rdacarrier
=490  1\$aNBER working paper paper series ;$vno. 12058
=500  \\$a"February 2006."
=504  \\$aIncludes bibliographical references (p. 22-25).
=530  \\$aAlso available in PDF from the NBER world wide web site (www.nber.org).
=540  \\$aBritish Library not licensed to copy$c0$5Uk
=600  10$aPicasso, Pablo,$d1881-1973$xCriticism and interpretation.
=600  10$aDuchamp, Marcel,$d1887-1968$xCriticism and interpretation.
=650  \0$aArt, Modern$y20th century$xHistory.
=650  \0$aConceptual art$y20th century.
=710  2\$aNational Bureau of Economic Research.
=830  \0$aWorking paper series (National Bureau of Economic Research) ;$vworking paper no. 12058.
=852  41$aBritish Library$bDSC$j6067.719500$i12058
=856  41$uhttp://www.nber.org/papers/W12058.pdf$zClick here to download PDF file
=985  \\$aProvisional record - DSC
=ACF  \\$aBritish Library not licensed to copy$c0$e01-oct-2013$hC$iCFP Excluded$5Uk
=CAT  \\$a7164$b40$c20060322$lBLL01$h1030
=CAT  \\$aBATCH-CLA$b00$c20130527$lBLL01$h0130
=CAT  \\$aBATCH-CLA$b00$c20130630$lBLL01$h1629
=CAT  \\$aIPL-CLA$c20130701$lBLL01$h0058
=CAT  \\$aBATCH-CLA$b00$c20130702$lBLL01$h0201
=CAT  \\$aBATCH-CLA$b00$c20130929$lBLL01$h1618
=CAT  \\$aIPL-CLA$c20130930$lBLL01$h1746
=CAT  \\$aBATCH-CLA$b00$c20131202$lBLL01$h0326
=CAT  \\$aIPL-CLA$c20140101$lBLL01$h0001
=CAT  \\$aBATCH-CLA$b00$c20140327$lBLL01$h1828
=CAT  \\$aIPL-CLA$c20140331$lBLL01$h1629
=CAT  \\$aBATCH-UPD$b00$c20150814$lBLL01$h2116
=CAT  \\$aBATCH-CLA$b00$c20150815$lBLL01$h0114
=CAT  \\$aBATCH-UPD$b00$c20170702$lBLL01$h2154
=CAT  \\$aBATCH-CLA$b00$c20170703$lBLL01$h0107
=CFI  0\$aBritish Library not licensed to copy$c0$e01-apr-2014$hC$iCFP Excluded$5Uk
=FIN  \\$aY$d20060322
=FMT  \\$a  BK
=LAS  \\$aBATCH-CLA$b00$c20170703$lBLL01$h0107
=SID  \\$aZ39$bOCLC
=TCO  \\$aTRS$bCCC$c008

