=LDR  02359 am a22005657a 4500
=001  013432805
=003  Uk
=005  20060322110717.0
=008  060224s2006\\\\maua\\\\\b\\\\000\0\eng\d
=040  \\$aIUL$cIUL$dGZM
=245  00$aCost should be no barrier :$ban evaluation of the first year of Harvard's financial aid initiative /$cChristopher Avery ... [et al.]
=260  \\$aCambridge, Mass. :$bNational Bureau of Economic Research,$cc2006.
=300  \\$a[23] p. :$bill. ;$c22 cm.
=336  \\$atext$2rdacontent
=337  \\$aunmediated$2rdamedia
=338  \\$avolume$2rdacarrier
=490  1\$aNBER working paper series ;$vno. 12029
=500  \\$a"February 2006."
=504  \\$aIncludes bibliographical references.
=530  \\$aAlso available in PDF from the NBER world wide web site (www.nber.org).
=540  \\$aBritish Library not licensed to copy$c0$5Uk
=610  20$aHarvard University$xFinance.
=650  \0$aStudent aid$xEvaluation.
=650  \0$aUniversities and colleges$xAdmission.
=700  1\$aAvery, Christopher.
=710  2\$aNational Bureau of Economic Research.
=830  \0$aWorking paper series (National Bureau of Economic Research) ;$vworking paper no. 12029.
=852  41$aBritish Library$bDSC$j6067.719500$i12029
=856  41$uhttp://www.nber.org/papers/W12029.pdf$zClick here to download PDF file
=985  \\$aProvisional record - DSC
=ACF  \\$aBritish Library not licensed to copy$c0$e01-oct-2013$hC$iCFP Excluded$5Uk
=CAT  \\$a7164$b40$c20060322$lBLL01$h1107
=CAT  \\$aBATCH-CLA$b00$c20130527$lBLL01$h0130
=CAT  \\$aBATCH-CLA$b00$c20130630$lBLL01$h1629
=CAT  \\$aIPL-CLA$c20130701$lBLL01$h0058
=CAT  \\$aBATCH-CLA$b00$c20130702$lBLL01$h0201
=CAT  \\$aBATCH-CLA$b00$c20130929$lBLL01$h1618
=CAT  \\$aIPL-CLA$c20130930$lBLL01$h1746
=CAT  \\$aBATCH-CLA$b00$c20131202$lBLL01$h0326
=CAT  \\$aIPL-CLA$c20140101$lBLL01$h0001
=CAT  \\$aBATCH-CLA$b00$c20140327$lBLL01$h1828
=CAT  \\$aIPL-CLA$c20140331$lBLL01$h1629
=CAT  \\$aBATCH-UPD$b00$c20180419$lBLL01$h1627
=CAT  \\$aBATCH-CLA$b00$c20180420$lBLL01$h0126
=CFI  0\$aBritish Library not licensed to copy$c0$e01-apr-2014$hC$iCFP Excluded$5Uk
=FIN  \\$aY$d20060322
=FMT  \\$a  BK
=LAS  \\$aBATCH-CLA$b00$c20180420$lBLL01$h0126
=SID  \\$aZ39$bOCLC
=TCO  \\$aTRS$bCCC$c008

