=LDR  02377 am a22005777a 4500
=001  013432819
=003  Uk
=005  20060322111440.0
=008  060303s2006\\\\maua\\\\\b\\\\000\0\eng\d
=040  \\$aUNA$cUNA
=043  \\$ae-uk---
=245  04$aThe effects of entry on incumbent innovation and productivity /$cPhilippe Aghion ... [et al.]
=260  \\$aCambridge, MA :$bNational Bureau of Economic Research,$cc2006.
=300  \\$a50 p. :$bill. ;$c22 cm..
=336  \\$atext$2rdacontent
=337  \\$aunmediated$2rdamedia
=338  \\$avolume$2rdacarrier
=490  1\$aNBER working paper series ;$vworking paper 12027
=500  \\$a"February 2006."
=500  \\$aNBER working paper series
=504  \\$aIncludes bibliographical references.
=540  \\$aBritish Library not licensed to copy$c0$5Uk
=650  \0$aBusiness enterprises$xProductivity$zGreat Britain.
=650  \0$aBusiness enterprises, Foreign$xEconometric models.
=650  \0$aTechnological innovations$xEconometric models.
=700  1\$aAghion, Philippe.
=710  2\$aNational Bureau of Economic Research.
=830  \0$aWorking paper series (National Bureau of Economic Research) ;$vworking paper no. 12027.
=852  41$aBritish Library$bDSC$j6067.719500$i12027
=856  41$uhttp://www.nber.org/papers/W12027$zaccess online version
=985  \\$aProvisional record - DSC
=ACF  \\$aBritish Library not licensed to copy$c0$e01-oct-2013$hC$iCFP Excluded$5Uk
=CAT  \\$a7164$b40$c20060322$lBLL01$h1114
=CAT  \\$aBATCH-CLA$b00$c20130527$lBLL01$h0130
=CAT  \\$aBATCH-CLA$b00$c20130630$lBLL01$h1629
=CAT  \\$aIPL-CLA$c20130701$lBLL01$h0058
=CAT  \\$aBATCH-CLA$b00$c20130702$lBLL01$h0201
=CAT  \\$aBATCH-CLA$b00$c20130929$lBLL01$h1618
=CAT  \\$aIPL-CLA$c20130930$lBLL01$h1746
=CAT  \\$aBATCH-CLA$b00$c20131202$lBLL01$h0326
=CAT  \\$aIPL-CLA$c20140101$lBLL01$h0001
=CAT  \\$aBATCH-CLA$b00$c20140327$lBLL01$h1828
=CAT  \\$aIPL-CLA$c20140331$lBLL01$h1629
=CAT  \\$aBATCH-UPD$b00$c20160715$lBLL01$h2101
=CFI  0\$aBritish Library not licensed to copy$c0$e01-apr-2014$hC$iCFP Excluded$5Uk
=CFI  2\$aBritish Library not licensed to copy$c0$e01-jan-2014$hC$iCFP Excluded$5Uk
=FIN  \\$aY$d20060322
=FMT  \\$a  BK
=LAS  \\$aBATCH-UPD$b00$c20160715$lBLL01$h2101
=SID  \\$aZ39$bOCLC
=TCO  \\$aTRS$bCCC$c008

