=LDR  02697 am a22006377a 4500
=001  013432831
=003  Uk
=005  20060322111803.0
=008  060217s2006\\\\maua\\\\\b\\\\000\0\eng\d
=040  \\$aIUL$cIUL$dGZM$dIUL$dIXA
=043  \\$an-us-nc
=100  1\$aClotfelter, Charles T.
=245  10$aTeacher-student matching and the assessment of teacher effectiveness /$cCharles T. Clotfelter, Helen F. Ladd, Jacob L. Vigdor.
=260  \\$aCambridge, Mass. :$bNational Bureau of Economic Research,$cc2006.
=300  \\$a35, [18] p. :$bill. ;$c22 cm.
=336  \\$atext$2rdacontent
=337  \\$aunmediated$2rdamedia
=338  \\$avolume$2rdacarrier
=490  1\$aNBER working paper series ;$vno. 11936
=500  \\$a"January 2006."
=504  \\$aIncludes bibliographical references (p. 30-33).
=530  \\$aAlso available in PDF from the NBER world wide web site (www.nber.org).
=540  \\$aBritish Library not licensed to copy$c0$5Uk
=650  \0$aTeacher effectiveness$xEconometric models.
=650  \0$aEffective teaching$xEconometric models.
=650  \0$aAcademic achievement$xEconometric models.
=650  \0$aSchools$zNorth Carolina$xEvaluation.
=700  1\$aLadd, Helen F.
=700  1\$aVigdor, Jacob L.
=710  2\$aNational Bureau of Economic Research.
=830  \0$aWorking paper series (National Bureau of Economic Research) ;$vworking paper no. 11936.
=852  41$aBritish Library$bDSC$j6067.719500$i11936
=856  41$uhttp://www.nber.org/papers/W11936.pdf$zClick here to download PDF file
=985  \\$aProvisional record - DSC
=ACF  \\$aBritish Library not licensed to copy$c0$e01-oct-2013$hC$iCFP Excluded$5Uk
=CAT  \\$a7164$b40$c20060322$lBLL01$h1118
=CAT  \\$aBATCH-CLA$b00$c20130527$lBLL01$h0130
=CAT  \\$aBATCH-CLA$b00$c20130630$lBLL01$h1629
=CAT  \\$aIPL-CLA$c20130701$lBLL01$h0058
=CAT  \\$aBATCH-CLA$b00$c20130702$lBLL01$h0201
=CAT  \\$aBATCH-CLA$b00$c20130929$lBLL01$h1618
=CAT  \\$aIPL-CLA$c20130930$lBLL01$h1746
=CAT  \\$aBATCH-CLA$b00$c20131202$lBLL01$h0326
=CAT  \\$aIPL-CLA$c20140101$lBLL01$h0001
=CAT  \\$aBATCH-CLA$b00$c20140327$lBLL01$h1828
=CAT  \\$aIPL-CLA$c20140331$lBLL01$h1629
=CAT  \\$aBATCH-UPD$b00$c20160227$lBLL01$h1742
=CAT  \\$aBATCH-UPD$b00$c20160312$lBLL01$h1743
=CAT  \\$aBATCH-UPD$b00$c20170704$lBLL01$h0820
=CFI  0\$aBritish Library not licensed to copy$c0$e01-apr-2014$hC$iCFP Excluded$5Uk
=CFI  2\$aBritish Library not licensed to copy$c0$e01-jan-2014$hC$iCFP Excluded$5Uk
=FIN  \\$aY$d20060322
=FMT  \\$a  BK
=LAS  \\$aBATCH-UPD$b00$c20170704$lBLL01$h0820
=SID  \\$aZ39$bOCLC
=TCO  \\$aTRS$bCCC$c008

