=LDR  01564 am a22004097a 4500
=001  013433401
=003  Uk
=005  20210507030027.0
=008  060302s2006\\\\mau\\\\\\b\\\\000\0\eng\d
=040  \\$aGZM$cGZM
=100  1\$aBajari, Patrick L.
=245  10$aSemiparametric estimation of a dynamic game of incomplete information /$cPatrick Bajari, Han Hong.
=260  \\$aCambridge, Mass. :$bNational Bureau of Economic Research,$cc2006.
=300  \\$a32 p. ;$c22 cm.
=336  \\$atext$2rdacontent
=337  \\$aunmediated$2rdamedia
=338  \\$avolume$2rdacarrier
=490  1\$aNBER technical working papers ;$vno. 320
=500  \\$a"February 2006."
=504  \\$aIncludes bibliographical references (p. 31-32).
=530  \\$aAlso available in PDF from the NBER world wide web site (www.nber.org).
=540  \\$aBritish Library not licensed to copy$c0$5Uk
=700  1\$aHong, Han.
=710  2\$aNational Bureau of Economic Research.
=830  \0$aNBER technical working paper series ;$vno. 320.
=852  41$aBritish Library$bDSC$j8732.374000$ino. 320
=856  41$uhttp://www.nber.org/papers/T0320.pdf$zClick here to download PDF file
=985  \\$aProvisional record - DSC
=CAT  \\$a7233$b40$c20060323$lBLL01$h0945
=CAT  \\$aBATCH-UPD$b40$c20180211$lBLL01$h2048
=CAT  \\$aBATCH-CLA$b00$c20210507$lBLL01$h0300
=CFI  0\$aBritish Library not licensed to copy$c0$e07-sep-2011$hC$iTX$5Uk
=FIN  \\$aY$d20060323
=FMT  \\$a  BK
=LAS  \\$aBATCH-CLA$b00$c20210507$lBLL01$h0300
=SID  \\$aZ39$bOCLC
=TCO  \\$aTRS$bCCC$c008

