=LDR  01784 am a22004457a 4500
=001  013433408
=003  Uk
=005  20210508013439.0
=008  060302s2006\\\\maua\\\\\b\\\\000\0\eng\d
=040  \\$aGZM$cGZM
=100  1\$aFernández-Villaverde, Jesús.
=245  10$aEstimating macroeconomic models :$ba likelihood approach /$cJesus Fernandez-Villaverde, Juan F. Rubio-Ramirez.
=260  \\$aCambridge, Mass. :$bNational Bureau of Economic Research,$cc2006.
=300  \\$a46, [9] p. :$bill. ;$c22 cm.
=336  \\$atext$2rdacontent
=337  \\$aunmediated$2rdamedia
=338  \\$avolume$2rdacarrier
=490  1\$aNBER technical working papers ;$vno. 321
=500  \\$a"February 2006."
=504  \\$aIncludes bibliographical references (p. 31-32).
=530  \\$aAlso available in PDF from the NBER world wide web site (www.nber.org).
=540  \\$aBritish Library not licensed to copy$c0$5Uk
=700  1\$aRubio-Ramírez, Juan Francisco.
=710  2\$aNational Bureau of Economic Research.
=830  \0$aNBER technical working paper series ;$vno. 321.
=852  41$aBritish Library$bDSC$j8732.374000$ino. 321
=856  41$uhttp://www.nber.org/papers/T0321.pdf$zClick here to download PDF file
=985  \\$aProvisional record - DSC
=CAT  \\$a7233$b40$c20060323$lBLL01$h0949
=CAT  \\$aBATCH-UPD$b40$c20091217$lBLL01$h2234
=CAT  \\$aBATCH-UPD$b40$c20120121$lBLL01$h1714
=CAT  \\$aBATCH-CLA$b00$c20210507$lBLL01$h0300
=CAT  \\$aBATCH-UPD$b00$c20210507$lBLL01$h0606
=CAT  \\$aBATCH-CLA$b00$c20210508$lBLL01$h0134
=CFI  0\$aBritish Library not licensed to copy$c0$e07-sep-2011$hC$iTX$5Uk
=FIN  \\$aY$d20060323
=FMT  \\$a  BK
=LAS  \\$aBATCH-CLA$b00$c20210508$lBLL01$h0134
=SID  \\$aZ39$bOCLC
=TCO  \\$aTRS$bCCC$c008

