=LDR  02543 am a22006137a 4500
=001  013433661
=003  Uk
=005  20210531010238.0
=008  060309s2006\\\\maua\\\\\b\\\\000\0\eng\d
=040  \\$aGZM$cGZM
=043  \\$an-us---$ae-uk---
=100  1\$aHurd, Michael D.
=245  10$aSome answers to the retirement-consumption puzzle /$cMichael D. Hurd, Susann Rohwedder.
=260  \\$aCambridge, Mass. :$bNational Bureau of Economic Research,$cc2006.
=300  \\$a34 p. :$bill. ;$c22 cm.
=336  \\$atext$2rdacontent
=337  \\$aunmediated$2rdamedia
=338  \\$avolume$2rdacarrier
=490  1\$aNBER working paper paper series ;$vno. 12057
=500  \\$a"February 2006."
=504  \\$aIncludes bibliographical references (p. 28-30).
=530  \\$aAlso available in PDF from the NBER world wide web site (www.nber.org).
=540  \\$aBritish Library not licensed to copy$c0$5Uk
=650  \0$aOlder people$xEconomic conditions$xMathematical models.
=650  \0$aConsumption (Economics)$zUnited States.
=650  \0$aConsumption (Economics)$zGreat Britain.
=700  1\$aRohwedder, Susann.
=710  2\$aNational Bureau of Economic Research.
=830  \0$aWorking paper series (National Bureau of Economic Research) ;$vworking paper no. 12057.
=852  41$aBritish Library$bDSC$j6067.719500$ino. 12057
=856  41$uhttp://www.nber.org/papers/W12057.pdf$zClick here to download PDF file
=985  \\$aProvisional record - DSC
=ACF  \\$aBritish Library not licensed to copy$c0$e01-oct-2013$hC$iCFP Excluded$5Uk
=CAT  \\$a7233$b40$c20060323$lBLL01$h1112
=CAT  \\$aBATCH-CLA$b00$c20130527$lBLL01$h0130
=CAT  \\$aBATCH-CLA$b00$c20130630$lBLL01$h1629
=CAT  \\$aIPL-CLA$c20130701$lBLL01$h0058
=CAT  \\$aBATCH-CLA$b00$c20130702$lBLL01$h0201
=CAT  \\$aBATCH-CLA$b00$c20130929$lBLL01$h1618
=CAT  \\$aIPL-CLA$c20130930$lBLL01$h1746
=CAT  \\$aBATCH-CLA$b00$c20131202$lBLL01$h0326
=CAT  \\$aIPL-CLA$c20140101$lBLL01$h0001
=CAT  \\$aBATCH-CLA$b00$c20140327$lBLL01$h1828
=CAT  \\$aIPL-CLA$c20140331$lBLL01$h1629
=CAT  \\$aBATCH-UPD$b00$c20181205$lBLL01$h1625
=CAT  \\$aBATCH-CLA$b00$c20181206$lBLL01$h0108
=CAT  \\$aBATCH-UPD$b00$c20210530$lBLL01$h2044
=CAT  \\$aBATCH-CLA$b00$c20210531$lBLL01$h0102
=CFI  0\$aBritish Library not licensed to copy$c0$e01-apr-2014$hC$iCFP Excluded$5Uk
=FIN  \\$aY$d20060323
=FMT  \\$a  BK
=LAS  \\$aBATCH-CLA$b00$c20210531$lBLL01$h0102
=SID  \\$aZ39$bOCLC
=TCO  \\$aTRS$bCCC$c008

