=LDR  02401 am a22005777a 4500
=001  013433677
=003  Uk
=005  20200510010517.0
=008  060307s2006\\\\maua\\\\\b\\\\000\0\eng\d
=040  \\$aIUL$cIUL$dGZM
=100  1\$aRose, Andrew,$d1959-
=245  10$aOffshore financial centers :$bparasites or symbionts? /$cAndrew K. Rose, Mark M. Spiegel.
=260  \\$aCambridge, Mass. :$bNational Bureau of Economic Research,$cc2006.
=300  \\$a40 p. :$bill. ;$c22 cm.
=336  \\$atext$2rdacontent
=337  \\$aunmediated$2rdamedia
=338  \\$avolume$2rdacarrier
=490  1\$aNBER working paper series ;$vno. 12044
=500  \\$a"February 2006."
=504  \\$aIncludes bibliographical references (p. 36-37).
=530  \\$aAlso available in PDF from the NBER world wide web site (www.nber.org).
=540  \\$aBritish Library not licensed to copy$c0$5Uk
=650  \0$aInternational business enterprises$xAccounting.
=650  \0$aInternational finance$xMathematical models.
=650  \0$aBanks and banking$xMathematical models.
=700  1\$aSpiegel, Mark.
=710  2\$aNational Bureau of Economic Research.
=830  \0$aWorking paper series (National Bureau of Economic Research) ;$vworking paper no. 12044.
=852  41$aBritish Library$bDSC$j6067.719500$ino. 12044
=856  41$uhttp://www.nber.org/papers/W12044.pdf$zClick here to download PDF file
=985  \\$aProvisional record - DSC
=ACF  \\$aBritish Library not licensed to copy$c0$e01-oct-2013$hC$iCFP Excluded$5Uk
=CAT  \\$a7233$b40$c20060323$lBLL01$h1120
=CAT  \\$aBATCH-CLA$b00$c20130527$lBLL01$h0130
=CAT  \\$aBATCH-CLA$b00$c20130630$lBLL01$h1629
=CAT  \\$aIPL-CLA$c20130701$lBLL01$h0058
=CAT  \\$aBATCH-CLA$b00$c20130702$lBLL01$h0201
=CAT  \\$aBATCH-CLA$b00$c20130929$lBLL01$h1618
=CAT  \\$aIPL-CLA$c20130930$lBLL01$h1746
=CAT  \\$aBATCH-CLA$b00$c20131202$lBLL01$h0326
=CAT  \\$aIPL-CLA$c20140101$lBLL01$h0001
=CAT  \\$aBATCH-CLA$b00$c20140327$lBLL01$h1828
=CAT  \\$aIPL-CLA$c20140331$lBLL01$h1629
=CAT  \\$aBATCH-UPD$b00$c20200509$lBLL01$h0718
=CAT  \\$aBATCH-CLA$b00$c20200510$lBLL01$h0105
=CFI  0\$aBritish Library not licensed to copy$c0$e01-apr-2014$hC$iCFP Excluded$5Uk
=FIN  \\$aY$d20060323
=FMT  \\$a  BK
=LAS  \\$aBATCH-CLA$b00$c20200510$lBLL01$h0105
=SID  \\$aZ39$bOCLC
=TCO  \\$aTRS$bCCC$c008

