=LDR  02433 am a22005777a 4500
=001  013433683
=003  Uk
=005  20060323112256.0
=008  060309s2006\\\\mau\\\\\\b\\\\000\0\eng\d
=040  \\$aGZM$cGZM
=100  1\$aBajari, Patrick L.
=245  10$aBidding for incomplete contracts :$ban empirical analysis /$cPatrick Bajari, Stephanie Houghton, Steve Tadelis.
=260  \\$aCambridge, Mass. :$bNational Bureau of Economic Research,$cc2006.
=300  \\$a32, [8] p. ;$c22 cm.
=336  \\$atext$2rdacontent
=337  \\$aunmediated$2rdamedia
=338  \\$avolume$2rdacarrier
=490  1\$aNBER working paper paper series ;$vno. 12051
=500  \\$a"February 2006."
=504  \\$aIncludes bibliographical references (p. 29-32).
=530  \\$aAlso available in PDF from the NBER world wide web site (www.nber.org).
=540  \\$aBritish Library not licensed to copy$c0$5Uk
=650  \0$aLetting of contracts$xMathematical models.
=700  1\$aHoughton, Stephanie,$d1980-
=700  1\$aTadelis, Steve.
=710  2\$aNational Bureau of Economic Research.
=830  \0$aWorking paper series (National Bureau of Economic Research) ;$vworking paper no. 12051.
=852  41$aBritish Library$bDSC$j6067.719500$ino. 12051
=856  41$uhttp://www.nber.org/papers/W12051.pdf$zClick here to download PDF file
=985  \\$aProvisional record - DSC
=ACF  \\$aBritish Library not licensed to copy$c0$e01-oct-2013$hC$iCFP Excluded$5Uk
=CAT  \\$a7233$b40$c20060323$lBLL01$h1122
=CAT  \\$aBATCH-UPD$b40$c20110630$lBLL01$h2124
=CAT  \\$aBATCH-CLA$b00$c20130527$lBLL01$h0130
=CAT  \\$aBATCH-CLA$b00$c20130630$lBLL01$h1629
=CAT  \\$aIPL-CLA$c20130701$lBLL01$h0058
=CAT  \\$aBATCH-CLA$b00$c20130702$lBLL01$h0201
=CAT  \\$aBATCH-CLA$b00$c20130929$lBLL01$h1618
=CAT  \\$aIPL-CLA$c20130930$lBLL01$h1746
=CAT  \\$aBATCH-CLA$b00$c20131202$lBLL01$h0326
=CAT  \\$aIPL-CLA$c20140101$lBLL01$h0001
=CAT  \\$aBATCH-CLA$b00$c20140327$lBLL01$h1828
=CAT  \\$aIPL-CLA$c20140331$lBLL01$h1629
=CAT  \\$aBATCH-UPD$b00$c20180211$lBLL01$h2048
=CFI  0\$aBritish Library not licensed to copy$c0$e01-apr-2014$hC$iCFP Excluded$5Uk
=CFI  2\$aBritish Library not licensed to copy$c0$e01-jan-2014$hC$iCFP Excluded$5Uk
=FIN  \\$aY$d20060323
=FMT  \\$a  BK
=LAS  \\$aBATCH-UPD$b00$c20180211$lBLL01$h2048
=SID  \\$aZ39$bOCLC
=TCO  \\$aTRS$bCCC$c008

