=LDR  02813 am a22006377a 4500
=001  013433694
=003  Uk
=005  20060323112900.0
=008  060309s2006\\\\maua\\\\\b\\\\000\0\eng\d
=040  \\$aGZM$cGZM$dGZM$dIUL
=043  \\$an-us---
=100  1\$aMancall, Peter C.
=245  10$aExports and slow economic growth in the lower south region, 1720-1800 /$cPeter C. Mancall, Joshua L. Rosenbloom, Thomas Weiss.
=260  \\$aCambridge, Mass. :$bNational Bureau of Economic Research,$cc2006.
=300  \\$a43, 40 p. :$bill. ;$c22 cm.
=336  \\$atext$2rdacontent
=337  \\$aunmediated$2rdamedia
=338  \\$avolume$2rdacarrier
=490  1\$aNBER working paper series ;$vno. 12045
=500  \\$a"February 2006."
=500  \\$aContains appendix by same authors entitled: Estimates of exports from the lower south, 1710-1803 (appendix to: Exports and slow economic growth).
=504  \\$aIncludes bibliographical references.
=530  \\$aAlso available in PDF from the NBER world wide web site (www.nber.org).
=540  \\$aBritish Library not licensed to copy$c0$5Uk
=650  \0$aExports$zUnited States$xHistory.
=650  \0$aEconomic development$zUnited States.
=651  \0$aSouthern States$xHistory$y1775-1865.
=700  1\$aRosenbloom, Joshua L.
=700  1\$aWeiss, Thomas Joseph.
=710  2\$aNational Bureau of Economic Research.
=774  0\$aMancall, Peter C.$tEstimates of exports from the lower south, 1710-1803.
=830  \0$aWorking paper series (National Bureau of Economic Research) ;$vworking paper no. 12045.
=852  41$aBritish Library$bDSC$j6067.719500$ino. 12045
=856  41$uhttp://www.nber.org/papers/W12045.pdf$zClick here to download PDF file
=985  \\$aProvisional record - DSC
=ACF  \\$aBritish Library not licensed to copy$c0$e01-oct-2013$hC$iCFP Excluded$5Uk
=CAT  \\$a7233$b40$c20060323$lBLL01$h1128
=CAT  \\$a7233$b40$c20060323$lBLL01$h1129
=CAT  \\$aBATCH-CLA$b00$c20130527$lBLL01$h0130
=CAT  \\$aBATCH-CLA$b00$c20130630$lBLL01$h1629
=CAT  \\$aIPL-CLA$c20130701$lBLL01$h0058
=CAT  \\$aBATCH-CLA$b00$c20130702$lBLL01$h0201
=CAT  \\$aBATCH-CLA$b00$c20130929$lBLL01$h1618
=CAT  \\$aIPL-CLA$c20130930$lBLL01$h1746
=CAT  \\$aBATCH-CLA$b00$c20131202$lBLL01$h0326
=CAT  \\$aIPL-CLA$c20140101$lBLL01$h0001
=CAT  \\$aBATCH-CLA$b00$c20140327$lBLL01$h1828
=CAT  \\$aIPL-CLA$c20140331$lBLL01$h1629
=CAT  \\$aBATCH-UPD$b00$c20170611$lBLL01$h2045
=CFI  0\$aBritish Library not licensed to copy$c0$e01-apr-2014$hC$iCFP Excluded$5Uk
=CFI  2\$aBritish Library not licensed to copy$c0$e01-jan-2014$hC$iCFP Excluded$5Uk
=FIN  \\$aY$d20060323
=FMT  \\$a  BK
=LAS  \\$aBATCH-UPD$b00$c20170611$lBLL01$h2045
=SID  \\$aZ39$bOCLC
=TCO  \\$aTRS$bCCC$c008

