=LDR  02750 am a22006497a 4500
=001  013467089
=003  Uk
=005  20061103135400.0
=008  060329s2006\\\\maua\\\\\b\\\\000\0\eng\d
=040  \\$aIUL$cIUL$dIUL$dGZM
=100  1\$aAghion, Philippe.
=245  10$aExchange rate volatility and productivity growth :$bthe role of financial development /$cPhilippe Aghion, Philippe Bacchetta, Romain Ranciere, Rogoff Kenneth.
=260  \\$aCambridge, Mass. :$bNational Bureau of Economic Research,$cc2006.
=300  \\$a48 p. :$bill. ;$c22 cm.
=336  \\$atext$2rdacontent
=337  \\$aunmediated$2rdamedia
=338  \\$avolume$2rdacarrier
=490  1\$aNBER working paper series ;$vno. 12117
=500  \\$a"March 2006."
=504  \\$aIncludes bibliographical references (p. 28-32).
=530  \\$aAlso available in PDF from the NBER world wide web site (www.nber.org).
=540  \\$aBritish Library not licensed to copy$c0$5Uk
=650  \0$aForeign exchange rates$xMathematical models.
=700  1\$aBacchetta, Philippe.
=700  1\$aRanciere, Romain.
=700  1\$aRogoff, Kenneth S.
=710  2\$aNational Bureau of Economic Research.
=830  \0$aWorking paper series (National Bureau of Economic Research) ;$vworking paper no. 12117.
=852  41$aBritish Library$bDSC$j6067.719500$ino. 12117
=856  41$uhttp://www.nber.org/papers/W12117.pdf$zClick here to download PDF file
=985  \\$aProvisional record - DSC
=ACF  \\$aBritish Library not licensed to copy$c0$e01-oct-2013$hC$iCFP Excluded$5Uk
=CAT  \\$a8411$b40$c20060512$lBLL01$h0921
=CAT  \\$a8411$b40$c20060512$lBLL01$h1056
=CAT  \\$a7233$b40$c20061103$lBLL01$h1351
=CAT  \\$a7233$b40$c20061103$lBLL01$h1352
=CAT  \\$a7233$b40$c20061103$lBLL01$h1353
=CAT  \\$a7233$b40$c20061103$lBLL01$h1354
=CAT  \\$a8964$b40$c20091215$lBLL01$h1346
=CAT  \\$aBATCH-CLA$b00$c20130527$lBLL01$h0130
=CAT  \\$aBATCH-CLA$b00$c20130630$lBLL01$h1629
=CAT  \\$aIPL-CLA$c20130701$lBLL01$h0059
=CAT  \\$aBATCH-CLA$b00$c20130702$lBLL01$h0201
=CAT  \\$aBATCH-CLA$b00$c20130929$lBLL01$h1618
=CAT  \\$aIPL-CLA$c20130930$lBLL01$h1747
=CAT  \\$aBATCH-CLA$b00$c20131202$lBLL01$h0326
=CAT  \\$aIPL-CLA$c20140101$lBLL01$h0003
=CAT  \\$aBATCH-CLA$b00$c20140327$lBLL01$h1828
=CAT  \\$aIPL-CLA$c20140331$lBLL01$h1629
=CAT  \\$aBATCH-UPD$b00$c20160715$lBLL01$h2101
=CFI  0\$aBritish Library not licensed to copy$c0$e01-apr-2014$hC$iCFP Excluded$5Uk
=CFI  2\$aBritish Library not licensed to copy$c0$e01-jan-2014$hC$iCFP Excluded$5Uk
=FIN  \\$aY$d20060512
=FMT  \\$a  BK
=LAS  \\$aBATCH-UPD$b00$c20160715$lBLL01$h2101
=SID  \\$aZ39$bOCLC
=TCO  \\$aTRS$bCCC$c008

