=LDR  02583cam a22006257a 4500
=001  013467205
=003  Uk
=005  20230623011059.0
=007  cr\bn\
=008  060411s2006\\\\maua\\\\\b\\\\000\0\eng\d
=040  \\$aIUL$cIUL$dGZM
=043  \\$an-us---
=100  1\$aGoldin, Claudia Dale.
=245  14$aThe homecoming of American college women :$bthe reversal of the college gender gap /$cClaudia Goldin, Lawrence F. Katz, Ilyana Kuziemko.
=260  \\$aCambridge, Mass. :$bNational Bureau of Economic Research,$c2006.
=300  \\$a44 p. :$bill. ;$c22 cm.
=336  \\$atext$2rdacontent
=337  \\$acomputer$2rdamedia
=338  \\$aonline resource$2rdacarrier
=490  1\$aNBER working paper series ;$vno. 12139
=500  \\$a"March 2006"
=504  \\$aIncludes bibliographical references (p. 25-27).
=530  \\$aAlso available in PDF from the NBER world wide web site (www.nber.org).
=540  \\$aBritish Library not licensed to copy$c0$5Uk
=650  \0$aWomen$xEducation (Higher)$zUnited States$xHistory$y20th century.
=700  1\$aKatz, Lawrence F.
=700  1\$aKuziemko, Ilyana.
=710  2\$aNational Bureau of Economic Research.
=830  \0$aWorking paper series (National Bureau of Economic Research) ;$vworking paper no. 12139.
=852  41$aBritish Library$bDSC$j6067.719500$ino. 12139
=856  41$uhttp://www.nber.org/papers/W12139.pdf$zClick here to download PDF file
=985  \\$aProvisional record - DSC
=ACF  \\$aBritish Library not licensed to copy$c0$e01-oct-2013$hC$iCFP Excluded$5Uk
=CAT  \\$a8411$b40$c20060512$lBLL01$h1036
=CAT  \\$a8411$b40$c20060512$lBLL01$h1047
=CAT  \\$aBATCH-CLA$b00$c20130527$lBLL01$h0130
=CAT  \\$aBATCH-CLA$b00$c20130630$lBLL01$h1629
=CAT  \\$aIPL-CLA$c20130701$lBLL01$h0059
=CAT  \\$aBATCH-CLA$b00$c20130702$lBLL01$h0201
=CAT  \\$aBATCH-CLA$b00$c20130929$lBLL01$h1618
=CAT  \\$aIPL-CLA$c20130930$lBLL01$h1747
=CAT  \\$aBATCH-CLA$b00$c20131202$lBLL01$h0326
=CAT  \\$aIPL-CLA$c20140101$lBLL01$h0003
=CAT  \\$aBATCH-CLA$b00$c20140327$lBLL01$h1828
=CAT  \\$aIPL-CLA$c20140331$lBLL01$h1629
=CAT  \\$aBATCH-UPD$b00$c20211217$lBLL01$h2048
=CAT  \\$aBATCH-CLA$b00$c20211218$lBLL01$h0138
=CAT  \\$aW2306-1299$c20230622$lBLL01$h1652
=CAT  \\$aBATCH-CLA$b00$c20230623$lBLL01$h0110
=CFI  0\$aBritish Library not licensed to copy$c0$e01-apr-2014$hC$iCFP Excluded$5Uk
=FIN  \\$aY$d20060512
=FMT  \\$a  BK
=LAS  \\$aBATCH-CLA$b00$c20230623$lBLL01$h0110
=SID  \\$aZ39$bOCLC
=TCO  \\$aTRS$bCCC$c008

