=LDR  02555cam a22006137a 4500
=001  013467212
=003  Uk
=005  20230623011059.0
=007  cr\bn\
=008  060412s2006\\\\maua\\\\\b\\\\000\0\eng\d
=040  \\$aIUL$cIUL$dGZM
=043  \\$an-us---$an-mx---
=100  1\$aHanson, Gordon H.$q(Gordon Howard)
=245  10$aIllegal migration from Mexico to the United States /$cGordon H. Hanson.
=260  \\$aCambridge, Mass. :$bNational Bureau of Economic Research,$cc2006.
=300  \\$a70 p. :$bill. ;$c22 cm.
=336  \\$atext$2rdacontent
=337  \\$acomputer$2rdamedia
=338  \\$aonline resource$2rdacarrier
=490  1\$aNBER working paper series ;$vno. 12141
=500  \\$a"March 2006"
=504  \\$aIncludes bibliographical references (p. 43-53).
=530  \\$aAlso available in PDF from the NBER world wide web site (www.nber.org).
=540  \\$aBritish Library not licensed to copy$c0$5Uk
=650  \0$aForeign workers, Mexican$zUnited States$xHistory.
=651  \0$aMexico$xEmigration and immigration$xEconometric models.
=651  \0$aUnited States$xEmigration and immigration$xGovernment policy.
=710  2\$aNational Bureau of Economic Research.
=830  \0$aWorking paper series (National Bureau of Economic Research) ;$vworking paper no. 12141.
=852  41$aBritish Library$bDSC$j6067.719500$ino. 12141
=856  41$uhttp://www.nber.org/papers/W12141.pdf$zClick here to download PDF file
=985  \\$aProvisional record - DSC
=ACF  \\$aBritish Library not licensed to copy$c0$e01-oct-2013$hC$iCFP Excluded$5Uk
=CAT  \\$a8411$b40$c20060512$lBLL01$h1041
=CAT  \\$a9572$b40$c20111208$lBLL01$h1707
=CAT  \\$aBATCH-CLA$b00$c20130527$lBLL01$h0130
=CAT  \\$aBATCH-CLA$b00$c20130630$lBLL01$h1629
=CAT  \\$aIPL-CLA$c20130701$lBLL01$h0059
=CAT  \\$aBATCH-CLA$b00$c20130702$lBLL01$h0201
=CAT  \\$aBATCH-CLA$b00$c20130929$lBLL01$h1618
=CAT  \\$aIPL-CLA$c20130930$lBLL01$h1747
=CAT  \\$aBATCH-CLA$b00$c20131202$lBLL01$h0326
=CAT  \\$aIPL-CLA$c20140101$lBLL01$h0003
=CAT  \\$aBATCH-CLA$b00$c20140327$lBLL01$h1828
=CAT  \\$aIPL-CLA$c20140331$lBLL01$h1629
=CAT  \\$aBATCH-UPD$b00$c20170730$lBLL01$h2053
=CAT  \\$aW2306-1299$c20230622$lBLL01$h1652
=CAT  \\$aBATCH-CLA$b00$c20230623$lBLL01$h0110
=CFI  0\$aBritish Library not licensed to copy$c0$e01-apr-2014$hC$iCFP Excluded$5Uk
=FIN  \\$aY$d20060512
=FMT  \\$a  BK
=LAS  \\$aBATCH-CLA$b00$c20230623$lBLL01$h0110
=SID  \\$aZ39$bOCLC
=TCO  \\$aTRS$bCCC$c008

