=LDR  02395 am a22005777a 4500
=001  013468468
=003  Uk
=005  20210723010708.0
=008  060324s2006\\\\mau\\\\\\b\\\\000\0\eng\d
=040  \\$aIUL$cIUL$dGZM$dIXA
=043  \\$as-ck---
=100  1\$aMazzuca, Sebastián.
=245  10$aPolitical conflict and power-sharing in the origins of modern Colombia /$cSebastián Mazzuca, James A. Robinson.
=260  \\$aCambridge, Mass. :$bNational Bureau of Economic Research,$cc2006.
=300  \\$a54 p. ;$c22 cm.
=336  \\$atext$2rdacontent
=337  \\$aunmediated$2rdamedia
=338  \\$avolume$2rdacarrier
=490  1\$aNBER working paper series ;$vno. 12099
=500  \\$a"March 2006."
=504  \\$aIncludes bibliographical references.
=530  \\$aAlso available in PDF from the NBER world wide web site (www.nber.org).
=540  \\$aBritish Library not licensed to copy$c0$5Uk
=651  \0$aColombia$xPolitics and government$y19th century.
=651  \0$aColombia$xPolitics and government$y20th century.
=700  1\$aRobinson, James A.,$d1960-
=710  2\$aNational Bureau of Economic Research.
=830  \0$aWorking paper series (National Bureau of Economic Research) ;$vworking paper no. 12099.
=852  41$aBritish Library$bDSC$j6067.719500$ino. 12099
=856  41$uhttp://www.nber.org/papers/W12099.pdf$zClick here to download PDF file
=985  \\$aProvisional record - DSC
=ACF  \\$aBritish Library not licensed to copy$c0$e01-oct-2013$hC$iCFP Excluded$5Uk
=CAT  \\$a9504$b40$c20060515$lBLL01$h1438
=CAT  \\$aBATCH-CLA$b00$c20130527$lBLL01$h0130
=CAT  \\$aBATCH-CLA$b00$c20130630$lBLL01$h1629
=CAT  \\$aIPL-CLA$c20130701$lBLL01$h0059
=CAT  \\$aBATCH-CLA$b00$c20130702$lBLL01$h0201
=CAT  \\$aBATCH-CLA$b00$c20130929$lBLL01$h1618
=CAT  \\$aIPL-CLA$c20130930$lBLL01$h1747
=CAT  \\$aBATCH-CLA$b00$c20131202$lBLL01$h0326
=CAT  \\$aIPL-CLA$c20140101$lBLL01$h0003
=CAT  \\$aBATCH-CLA$b00$c20140327$lBLL01$h1828
=CAT  \\$aIPL-CLA$c20140331$lBLL01$h1629
=CAT  \\$aBATCH-UPD$b00$c20210722$lBLL01$h2108
=CAT  \\$aBATCH-CLA$b00$c20210723$lBLL01$h0107
=CFI  0\$aBritish Library not licensed to copy$c0$e01-apr-2014$hC$iCFP Excluded$5Uk
=FIN  \\$aY$d20060515
=FMT  \\$a  BK
=LAS  \\$aBATCH-CLA$b00$c20210723$lBLL01$h0107
=SID  \\$aZ39$bOCLC
=TCO  \\$aTRS$bCCC$c008

