=LDR  02662 am a22006377a 4500
=001  013468951
=003  Uk
=005  20210923010439.0
=008  060329s2006\\\\maua\\\\\b\\\\000\0\eng\d
=040  \\$aIUL$cIUL$dIUL$dGZM
=043  \\$an-us---
=100  10$aTyler, John H.
=245  10$aPrison-based education and re-entry into the mainstream labor market /$cJohn H. Tyler, Jeffrey R. Kling.
=260  \\$aCambridge, Mass. :$bNational Bureau of Economic Research,$cc2006.
=300  \\$a35 p. :$bill. ;$c22 cm.
=336  \\$atext$2rdacontent
=337  \\$aunmediated$2rdamedia
=338  \\$avolume$2rdacarrier
=490  1\$aNBER working paper series ;$vno. 12114
=500  \\$a"March 2006."
=504  \\$aIncludes bibliographical references (p. 28-29).
=530  \\$aAlso available in PDF from the NBER world wide web site (www.nber.org).
=540  \\$aBritish Library not licensed to copy$c0$5Uk
=650  \0$aEducation$xEconomic aspects$zUnited States.
=650  \0$aGeneral educational development tests$xEconomic aspects$zUnited States.
=650  \0$aWages$zUnited States.
=650  \0$aImprisonment$xEconomic aspects$zUnited States.
=700  1\$aKling, Jeffrey R.
=710  2\$aNational Bureau of Economic Research.
=830  \0$aWorking paper series (National Bureau of Economic Research) ;$vworking paper no. 12114.
=852  41$aBritish Library$bDSC$j6067.719500$ino. 12114
=856  41$uhttp://www.nber.org/papers/W12114.pdf$zClick here to download PDF file
=985  \\$aProvisional record - DSC
=ACF  \\$aBritish Library not licensed to copy$c0$e01-oct-2013$hC$iCFP Excluded$5Uk
=CAT  \\$a9504$b40$c20060516$lBLL01$h0907
=CAT  \\$a9504$b40$c20060516$lBLL01$h1056
=CAT  \\$aBATCH-CLA$b00$c20130527$lBLL01$h0130
=CAT  \\$aBATCH-CLA$b00$c20130630$lBLL01$h1629
=CAT  \\$aIPL-CLA$c20130701$lBLL01$h0059
=CAT  \\$aBATCH-CLA$b00$c20130702$lBLL01$h0201
=CAT  \\$aBATCH-CLA$b00$c20130929$lBLL01$h1618
=CAT  \\$aIPL-CLA$c20130930$lBLL01$h1747
=CAT  \\$aBATCH-CLA$b00$c20131202$lBLL01$h0326
=CAT  \\$aIPL-CLA$c20140101$lBLL01$h0003
=CAT  \\$aBATCH-CLA$b00$c20140327$lBLL01$h1828
=CAT  \\$aIPL-CLA$c20140331$lBLL01$h1629
=CAT  \\$aBATCH-UPD$b00$c20150708$lBLL01$h1547
=CAT  \\$aBATCH-CLA$b00$c20150709$lBLL01$h0112
=CAT  \\$aBATCH-UPD$b00$c20210922$lBLL01$h1544
=CAT  \\$aBATCH-CLA$b00$c20210923$lBLL01$h0104
=CFI  0\$aBritish Library not licensed to copy$c0$e01-apr-2014$hC$iCFP Excluded$5Uk
=FIN  \\$aY$d20060516
=FMT  \\$a  BK
=LAS  \\$aBATCH-CLA$b00$c20210923$lBLL01$h0104
=SID  \\$aZ39$bOCLC
=TCO  \\$aTRS$bCCC$c008

