=LDR  02579 am a22006017a 4500
=001  013468959
=003  Uk
=005  20060516105621.0
=008  060329s2006\\\\maua\\\\\b\\\\000\0\eng\d
=040  \\$aIUL$cIUL$dGZM
=043  \\$an-us---
=100  1\$aPopp, David$q(David C.)
=245  10$aExploring links between innovation and diffusion :$badoption of NOx control technologies at U.S. coal-fired power plants /$cDavid Popp.
=260  \\$aCambridge, Mass. :$bNational Bureau of Economic Research,$cc2006.
=300  \\$a44, A8, B3 p. :$bill. ;$c22 cm.
=336  \\$atext$2rdacontent
=337  \\$aunmediated$2rdamedia
=338  \\$avolume$2rdacarrier
=490  1\$aNBER working paper series ;$vno. 12119
=500  \\$a"March 2006."
=504  \\$aIncludes bibliographical references (p. 32-34).
=530  \\$aAlso available in PDF from the NBER world wide web site (www.nber.org).
=540  \\$aBritish Library not licensed to copy$c0$5Uk
=650  \0$aPollution$xTechnological innovations$zUnited States.
=650  \0$aGreen technology$zUnited States.
=650  \0$aCoal-fired power plants$xTechnological innovations$zUnited States.
=650  \0$aDiffusion of innovations$xEconometric models.
=710  2\$aNational Bureau of Economic Research.
=830  \0$aWorking paper series (National Bureau of Economic Research) ;$vworking paper no. 12119.
=852  41$aBritish Library$bDSC$j6067.719500$ino. 12119
=856  41$uhttp://www.nber.org/papers/W12119.pdf$zClick here to download PDF file
=985  \\$aProvisional record - DSC
=ACF  \\$aBritish Library not licensed to copy$c0$e01-oct-2013$hC$iCFP Excluded$5Uk
=CAT  \\$a9504$b40$c20060516$lBLL01$h0911
=CAT  \\$a9504$b40$c20060516$lBLL01$h1056
=CAT  \\$aBATCH-CLA$b00$c20130527$lBLL01$h0130
=CAT  \\$aBATCH-CLA$b00$c20130630$lBLL01$h1629
=CAT  \\$aIPL-CLA$c20130701$lBLL01$h0059
=CAT  \\$aBATCH-CLA$b00$c20130702$lBLL01$h0201
=CAT  \\$aBATCH-CLA$b00$c20130929$lBLL01$h1618
=CAT  \\$aIPL-CLA$c20130930$lBLL01$h1747
=CAT  \\$aBATCH-CLA$b00$c20131202$lBLL01$h0326
=CAT  \\$aIPL-CLA$c20140101$lBLL01$h0003
=CAT  \\$aBATCH-CLA$b00$c20140327$lBLL01$h1828
=CAT  \\$aIPL-CLA$c20140331$lBLL01$h1629
=CAT  \\$aBATCH-UPD$b00$c20161026$lBLL01$h1902
=CAT  \\$aBATCH-CLA$b00$c20161027$lBLL01$h0123
=CFI  0\$aBritish Library not licensed to copy$c0$e01-apr-2014$hC$iCFP Excluded$5Uk
=FIN  \\$aY$d20060516
=FMT  \\$a  BK
=LAS  \\$aBATCH-CLA$b00$c20161027$lBLL01$h0123
=SID  \\$aZ39$bOCLC
=TCO  \\$aTRS$bCCC$c008

