=LDR  02373 am a22005777a 4500
=001  013468965
=003  Uk
=005  20060516091454.0
=008  060331s2006\\\\mau\\\\\\b\\\\000\0\eng\d
=040  \\$aIUL$cIUL$dGZM
=100  1\$aDave, Dhaval.
=245  14$aThe effects of retirement on physical and mental health outcomes /$cDhaval Dave, Inas Rashad, Jasmina Spasojevic.
=260  \\$aCambridge, Mass. :$bNational Bureau of Economic Research,$cc2006.
=300  \\$a46 p. ;$c22 cm.
=336  \\$atext$2rdacontent
=337  \\$aunmediated$2rdamedia
=338  \\$avolume$2rdacarrier
=490  1\$aNBER working paper series ;$vno. 12123
=500  \\$a"March 2006."
=504  \\$aIncludes bibliographical references (p. 33-38).
=530  \\$aAlso available in PDF from the NBER world wide web site (www.nber.org).
=540  \\$aBritish Library not licensed to copy$c0$5Uk
=650  \0$aRetirement$xHealth aspects.
=650  \0$aOlder people$xHealth aspects$xEconometric models.
=700  1\$aRashad, Inas.
=700  1\$aSpasojevic, Jasmina.
=710  2\$aNational Bureau of Economic Research.
=830  \0$aWorking paper series (National Bureau of Economic Research) ;$vworking paper no. 12123.
=852  41$aBritish Library$bDSC$j6067.719500$ino. 12123
=856  41$uhttp://www.nber.org/papers/W12123.pdf$zClick here to download PDF file
=985  \\$aProvisional record - DSC
=ACF  \\$aBritish Library not licensed to copy$c0$e01-oct-2013$hC$iCFP Excluded$5Uk
=CAT  \\$a9504$b40$c20060516$lBLL01$h0914
=CAT  \\$aBATCH-CLA$b00$c20130527$lBLL01$h0130
=CAT  \\$aBATCH-CLA$b00$c20130630$lBLL01$h1629
=CAT  \\$aIPL-CLA$c20130701$lBLL01$h0059
=CAT  \\$aBATCH-CLA$b00$c20130702$lBLL01$h0201
=CAT  \\$aBATCH-CLA$b00$c20130929$lBLL01$h1618
=CAT  \\$aIPL-CLA$c20130930$lBLL01$h1747
=CAT  \\$aBATCH-CLA$b00$c20131202$lBLL01$h0326
=CAT  \\$aIPL-CLA$c20140101$lBLL01$h0003
=CAT  \\$aBATCH-CLA$b00$c20140327$lBLL01$h1828
=CAT  \\$aIPL-CLA$c20140331$lBLL01$h1629
=CAT  \\$aBATCH-UPD$b00$c20181205$lBLL01$h1626
=CAT  \\$aBATCH-CLA$b00$c20181206$lBLL01$h0108
=CFI  0\$aBritish Library not licensed to copy$c0$e01-apr-2014$hC$iCFP Excluded$5Uk
=FIN  \\$aY$d20060516
=FMT  \\$a  BK
=LAS  \\$aBATCH-CLA$b00$c20181206$lBLL01$h0108
=SID  \\$aZ39$bOCLC
=TCO  \\$aTRS$bCCC$c008

