=LDR  02470 am a22006137a 4500
=001  013468977
=003  Uk
=005  20200917010558.0
=008  060420s2006\\\\maua\\\\\b\\\\000\0\eng\d
=040  \\$aIUL$cIUL$dIUL$dGZM
=043  \\$aa-ja---
=100  1\$aCaballero, Ricardo J.
=245  10$aZombie lending and depressed restructuring in Japan /$cRicardo J. Caballero, Takeo Hoshi, Anil K. Kashyap.
=260  \\$aCambridge, Mass. :$bNational Bureau of Economic Research,$cc2006.
=300  \\$a40, [14] p. :$bill. ;$c22 cm.
=336  \\$atext$2rdacontent
=337  \\$aunmediated$2rdamedia
=338  \\$avolume$2rdacarrier
=490  1\$aNBER working paper series ;$vno. 12129
=500  \\$a"March 2006"
=504  \\$aIncludes bibliographical references (p. 30-34).
=530  \\$aAlso available in PDF from the NBER world wide web site (www.nber.org).
=540  \\$aBritish Library not licensed to copy$c0$5Uk
=650  \0$aBanks and banking$zJapan.
=650  \0$aLoans$zJapan.
=651  \0$aJapan$xEconomic conditions$y1989-
=700  1\$aHoshi, Takeo.
=700  1\$aKashyap, A. K.
=710  2\$aNational Bureau of Economic Research.
=830  \0$aWorking paper series (National Bureau of Economic Research) ;$vworking paper no. 12129.
=852  41$aBritish Library$bDSC$j6067.719500$ino. 12129
=856  41$uhttp://www.nber.org/papers/W12129.pdf$zClick here to download PDF file
=985  \\$aProvisional record - DSC
=ACF  \\$aBritish Library not licensed to copy$c0$e01-oct-2013$hC$iCFP Excluded$5Uk
=CAT  \\$a9504$b40$c20060516$lBLL01$h0921
=CAT  \\$a9504$b40$c20060516$lBLL01$h1052
=CAT  \\$aBATCH-CLA$b00$c20130527$lBLL01$h0130
=CAT  \\$aBATCH-CLA$b00$c20130630$lBLL01$h1629
=CAT  \\$aIPL-CLA$c20130701$lBLL01$h0059
=CAT  \\$aBATCH-CLA$b00$c20130702$lBLL01$h0201
=CAT  \\$aBATCH-CLA$b00$c20130929$lBLL01$h1618
=CAT  \\$aIPL-CLA$c20130930$lBLL01$h1747
=CAT  \\$aBATCH-CLA$b00$c20131202$lBLL01$h0326
=CAT  \\$aIPL-CLA$c20140101$lBLL01$h0003
=CAT  \\$aBATCH-CLA$b00$c20140327$lBLL01$h1828
=CAT  \\$aIPL-CLA$c20140331$lBLL01$h1629
=CAT  \\$aBATCH-UPD$b00$c20200916$lBLL01$h2038
=CAT  \\$aBATCH-CLA$b00$c20200917$lBLL01$h0105
=CFI  0\$aBritish Library not licensed to copy$c0$e01-apr-2014$hC$iCFP Excluded$5Uk
=FIN  \\$aY$d20060516
=FMT  \\$a  BK
=LAS  \\$aBATCH-CLA$b00$c20200917$lBLL01$h0105
=SID  \\$aZ39$bOCLC
=TCO  \\$aTRS$bCCC$c008

