=LDR  01792 am a22004577a 4500
=001  013469070
=003  Uk
=005  20060516103135.0
=008  060327s2006\\\\maua\\\\\b\\\\000\0\eng\d
=040  \\$aGZM$cGZM
=100  1\$aLee, David S.
=245  10$aRegression discontinuity inference with specification error /$cDavid S. Lee, David Card.
=260  \\$aCambridge, Mass. :$bNational Bureau of Economic Research,$cc2006.
=300  \\$a29, [3] p. :$bill. ;$c22 cm.
=336  \\$atext$2rdacontent
=337  \\$aunmediated$2rdamedia
=338  \\$avolume$2rdacarrier
=490  1\$aNBER technical working papers ;$vno. 322
=500  \\$a"March 2006."
=504  \\$aIncludes bibliographical references (p. 21).
=530  \\$aAlso available in PDF from the NBER world wide web site (www.nber.org).
=540  \\$aBritish Library not licensed to copy$c0$5Uk
=650  \0$aRegression analysis.
=650  \0$aSocial sciences$xResearch$xMethodology.
=700  1\$aCard, David E.$q(David Edward),$d1956-
=710  2\$aNational Bureau of Economic Research.
=830  \0$aNBER technical working paper series ;$vno. 322.
=852  41$aBritish Library$bDSC$j8732.374000$i322
=856  41$uhttp://www.nber.org/papers/T0322.pdf$zClick here to download PDF file
=985  \\$aProvisional record - DSC
=CAT  \\$a7164$b40$c20060516$lBLL01$h1030
=CAT  \\$a7164$b40$c20060516$lBLL01$h1031
=CAT  \\$a7416$b40$c20150121$lBLL01$h1634
=CAT  \\$aBATCH-CLA$b00$c20150122$lBLL01$h0038
=CAT  \\$aBATCH-UPD$b00$c20180621$lBLL01$h2035
=CAT  \\$aBATCH-CLA$b00$c20180622$lBLL01$h0104
=CFI  0\$aBritish Library not licensed to copy$c0$e07-sep-2011$hC$iTX$5Uk
=FIN  \\$aY$d20060516
=FMT  \\$a  BK
=LAS  \\$aBATCH-CLA$b00$c20180622$lBLL01$h0104
=SID  \\$aZ39$bOCLC

