=LDR  02289cam a22005657a 4500
=001  013469087
=003  Uk
=005  20211218013847.0
=008  060412s2006\\\\maua\\\\\b\\\\000\0\eng\d
=040  \\$aIUL$cIUL$dGZM
=100  1\$aWeil, David N.
=245  10$aPopulation aging /$cDavid N. Weil.
=260  \\$aCambridge, Mass. :$bNational Bureau of Economic Research,$cc2006.
=300  \\$a1 v. :$bill. ;$c22 cm.
=336  \\$atext$2rdacontent
=337  \\$aunmediated$2rdamedia
=338  \\$avolume$2rdacarrier
=490  1\$aNBER working paper series ;$vno. 12147
=500  \\$a"March 2006"
=504  \\$aIncludes bibliographical references (p. 14-15).
=530  \\$aAlso available in PDF from the NBER world wide web site (www.nber.org).
=540  \\$aBritish Library not licensed to copy$c0$5Uk
=650  \0$aAge distribution (Demography)$xEconomic aspects.
=650  \0$aFertility, Human$xEconomic aspects.
=710  2\$aNational Bureau of Economic Research.
=830  \0$aWorking paper series (National Bureau of Economic Research) ;$vworking paper no. 12147.
=852  41$aBritish Library$bDSC$j6067.719500$ino. 12147
=856  41$uhttp://www.nber.org/papers/W12147.pdf$zClick here to download PDF file
=985  \\$aProvisional record - DSC
=ACF  \\$aBritish Library not licensed to copy$c0$e01-oct-2013$hC$iCFP Excluded$5Uk
=CAT  \\$a9504$b40$c20060516$lBLL01$h1038
=CAT  \\$a9504$b40$c20060516$lBLL01$h1039
=CAT  \\$aBATCH-CLA$b00$c20130527$lBLL01$h0130
=CAT  \\$aBATCH-CLA$b00$c20130630$lBLL01$h1629
=CAT  \\$aIPL-CLA$c20130701$lBLL01$h0059
=CAT  \\$aBATCH-CLA$b00$c20130702$lBLL01$h0201
=CAT  \\$aBATCH-CLA$b00$c20130929$lBLL01$h1618
=CAT  \\$aIPL-CLA$c20130930$lBLL01$h1747
=CAT  \\$aBATCH-CLA$b00$c20131202$lBLL01$h0326
=CAT  \\$aIPL-CLA$c20140101$lBLL01$h0003
=CAT  \\$aBATCH-CLA$b00$c20140327$lBLL01$h1828
=CAT  \\$aIPL-CLA$c20140331$lBLL01$h1629
=CAT  \\$aBATCH-UPD$b00$c20211217$lBLL01$h2048
=CAT  \\$aBATCH-CLA$b00$c20211218$lBLL01$h0138
=CFI  0\$aBritish Library not licensed to copy$c0$e01-apr-2014$hC$iCFP Excluded$5Uk
=FIN  \\$aY$d20060516
=FMT  \\$a  BK
=LAS  \\$aBATCH-CLA$b00$c20211218$lBLL01$h0138
=SID  \\$aZ39$bOCLC
=TCO  \\$aTRS$bCCC$c008

