=LDR  02456cam a22005897a 4500
=001  013469146
=003  Uk
=005  20211218013847.0
=008  060324s2006\\\\maua\\\\\b\\\\000\0\eng\d
=040  \\$aIUL$cIUL$dGZM
=043  \\$an-us---
=245  04$aThe impact of antihypertensive drugs on the number and risk of death, stroke and myocardial infarction in the United States /$cGenia Long ... [et al.]
=260  \\$aCambridge, Mass. :$bNational Bureau of Economic Research,$cc2006.
=300  \\$a26 p. :$bill. ;$c22 cm.
=336  \\$atext$2rdacontent
=337  \\$aunmediated$2rdamedia
=338  \\$avolume$2rdacarrier
=490  1\$aNBER working paper series ;$vno. 12096
=500  \\$a"March 2006"
=504  \\$aIncludes bibliographical references (p. 20-22).
=530  \\$aAlso available in PDF from the NBER world wide web site (www.nber.org).
=540  \\$aBritish Library not licensed to copy$c0$5Uk
=650  \0$aHypotensive agents.
=650  \0$aBlood pressure$zUnited States.
=650  \0$aMyocardial infarction$zUnited States.
=650  \0$aCerebrovascular disease$zUnited States.
=700  1\$aLong, Genia.
=710  2\$aNational Bureau of Economic Research.
=830  \0$aWorking paper series (National Bureau of Economic Research) ;$vworking paper no. 12096.
=852  41$aBritish Library$bDSC$j6067.719500$ino. 12096
=856  41$uhttp://www.nber.org/papers/W12096.pdf$zClick here to download PDF file
=985  \\$aProvisional record - DSC
=ACF  \\$aBritish Library not licensed to copy$c0$e01-oct-2013$hC$iCFP Excluded$5Uk
=CAT  \\$a9504$b40$c20060516$lBLL01$h1102
=CAT  \\$aBATCH-CLA$b00$c20130527$lBLL01$h0130
=CAT  \\$aBATCH-CLA$b00$c20130630$lBLL01$h1629
=CAT  \\$aIPL-CLA$c20130701$lBLL01$h0059
=CAT  \\$aBATCH-CLA$b00$c20130702$lBLL01$h0201
=CAT  \\$aBATCH-CLA$b00$c20130929$lBLL01$h1618
=CAT  \\$aIPL-CLA$c20130930$lBLL01$h1747
=CAT  \\$aBATCH-CLA$b00$c20131202$lBLL01$h0326
=CAT  \\$aIPL-CLA$c20140101$lBLL01$h0003
=CAT  \\$aBATCH-CLA$b00$c20140327$lBLL01$h1828
=CAT  \\$aIPL-CLA$c20140331$lBLL01$h1629
=CAT  \\$aBATCH-UPD$b00$c20211217$lBLL01$h2048
=CAT  \\$aBATCH-CLA$b00$c20211218$lBLL01$h0138
=CFI  0\$aBritish Library not licensed to copy$c0$e01-apr-2014$hC$iCFP Excluded$5Uk
=FIN  \\$aY$d20060516
=FMT  \\$a  BK
=LAS  \\$aBATCH-CLA$b00$c20211218$lBLL01$h0138
=SID  \\$aZ39$bOCLC
=TCO  \\$aTRS$bCCC$c008

