=LDR  02536 am a22006017a 4500
=001  013471507
=003  Uk
=005  20060517152240.0
=008  060414s2006\\\\maua\\\\\b\\\\000\0\eng\d
=040  \\$aIUL$cIUL$dIUL$dGZM
=043  \\$an-us-ny
=100  1\$aKane, Thomas J.
=245  10$aWhat does certification tell us about teacher effectiveness? :$bevidence from New York City /$cThomas J. Kane, Jonah E. Rockoff, Douglas O. Staiger.
=260  \\$aCambridge, Mass. :$bNational Bureau of Economic Research,$cc2006.
=300  \\$a46, [19] p. :$bill. ;$c22 cm.
=336  \\$atext$2rdacontent
=337  \\$aunmediated$2rdamedia
=338  \\$avolume$2rdacarrier
=490  1\$aNBER working paper series ;$vno. 12155
=500  \\$a"March 2006"
=504  \\$aIncludes bibliographical references (p. 44-45).
=530  \\$aAlso available in PDF from the NBER world wide web site (www.nber.org).
=540  \\$aBritish Library not licensed to copy$c0$5Uk
=650  \0$aTeacher effectiveness.
=650  \0$aTeachers$xCertification$zNew York (State)$zNew York.
=700  1\$aRockoff, Jonah E.
=700  1\$aStaiger, Douglas.
=710  2\$aNational Bureau of Economic Research.
=830  \0$aWorking paper series (National Bureau of Economic Research) ;$vworking paper no. 12155.
=852  41$aBritish Library$bDSC$j6067.719500$ino. 12155
=856  41$uhttp://www.nber.org/papers/W12155.pdf$zClick here to download PDF file
=985  \\$aProvisional record - DSC
=ACF  \\$aBritish Library not licensed to copy$c0$e01-oct-2013$hC$iCFP Excluded$5Uk
=CAT  \\$a7233$b40$c20060517$lBLL01$h1521
=CAT  \\$a7233$b40$c20060517$lBLL01$h1522
=CAT  \\$aBATCH-CLA$b00$c20130527$lBLL01$h0130
=CAT  \\$aBATCH-CLA$b00$c20130630$lBLL01$h1629
=CAT  \\$aIPL-CLA$c20130701$lBLL01$h0059
=CAT  \\$aBATCH-CLA$b00$c20130702$lBLL01$h0201
=CAT  \\$aBATCH-CLA$b00$c20130929$lBLL01$h1618
=CAT  \\$aIPL-CLA$c20130930$lBLL01$h1747
=CAT  \\$aBATCH-CLA$b00$c20131202$lBLL01$h0326
=CAT  \\$aIPL-CLA$c20140101$lBLL01$h0004
=CAT  \\$aBATCH-CLA$b00$c20140327$lBLL01$h1828
=CAT  \\$aIPL-CLA$c20140331$lBLL01$h1629
=CAT  \\$aBATCH-UPD$b00$c20180308$lBLL01$h2051
=CFI  0\$aBritish Library not licensed to copy$c0$e01-apr-2014$hC$iCFP Excluded$5Uk
=CFI  2\$aBritish Library not licensed to copy$c0$e01-jan-2014$hC$iCFP Excluded$5Uk
=FIN  \\$aY$d20060517
=FMT  \\$a  BK
=LAS  \\$aBATCH-UPD$b00$c20180308$lBLL01$h2051
=SID  \\$aZ39$bOCLC
=TCO  \\$aTRS$bCCC$c008

