=LDR  03457cam a22006137a 4500
=001  013518770
=003  Uk
=005  20230924064854.0
=008  060619s2006\\\\maua\\\\\b\\\\000\0\eng\d
=040  \\$aIUL$cIUL$dIUL$dGZM
=100  1\$aBaker, Malcolm$q(Malcolm P.)
=245  14$aThe effect of dividends on consumption /$cMalcolm Baker, Stefan Nagel, Jeffrey Wurgler.
=260  \\$aCambridge, Mass. :$bNational Bureau of Economic Research,$cc2006.
=300  \\$a35, [13] p. :$bill. ;$c22 cm.
=336  \\$atext$2rdacontent
=337  \\$aunmediated$2rdamedia
=338  \\$avolume$2rdacarrier
=490  1\$aNBER working paper series ;$vno. 12288
=500  \\$a"June 2006"
=504  \\$aIncludes bibliographical references (p. 33-35).
=520  3\$a"Classical models predict that the division of stock returns into dividends and capital appreciation does not affect investor consumption patterns, while mental accounting and other economic frictions predict that investors have a higher propensity to consume from stock returns in the form of dividends. Using two micro data sets, we show that investors are indeed far more likely to consume from dividends than capital gains. In the Consumer Expenditure Survey, household consumption increases with dividend income, controlling for total wealth, total portfolio returns, and other sources of income. In a sample of household investment accounts data from a brokerage, net withdrawals from the accounts increase one-for-one with ordinary dividends of moderate size, controlling for total portfolio returns, and also increase with mutual fund and special dividends. We comment on several potential explanations for the results"--National Bureau of Economic Research web site.
=530  \\$aAlso available in PDF from the NBER world wide web site (www.nber.org).
=540  \\$aBritish Library not licensed to copy$c0$5Uk
=650  \0$aDividends.
=650  \0$aConsumption (Economics)$xEconometric models.
=700  1\$aNagel, Stefan,$d1973-
=700  1\$aWurgler, Jeffrey.
=710  2\$aNational Bureau of Economic Research.
=830  \0$aWorking paper series (National Bureau of Economic Research) ;$vworking paper no. 12288.
=852  41$aBritish Library$bDSC$j6067.719500$ino. 12288
=856  41$uhttp://www.nber.org/papers/W12288.pdf$zClick here to download PDF file
=985  \\$aProvisional record - DSC
=ACF  \\$aBritish Library not licensed to copy$c0$e01-oct-2013$hC$iCFP Excluded$5Uk
=CAT  \\$a9504$b40$c20060726$lBLL01$h1450
=CAT  \\$aBATCH-CLA$b00$c20130527$lBLL01$h0130
=CAT  \\$aBATCH-CLA$b00$c20130630$lBLL01$h1629
=CAT  \\$aIPL-CLA$c20130701$lBLL01$h0100
=CAT  \\$aBATCH-CLA$b00$c20130702$lBLL01$h0201
=CAT  \\$aBATCH-CLA$b00$c20130929$lBLL01$h1618
=CAT  \\$aIPL-CLA$c20130930$lBLL01$h1747
=CAT  \\$aBATCH-CLA$b00$c20131202$lBLL01$h0327
=CAT  \\$aIPL-CLA$c20140101$lBLL01$h0006
=CAT  \\$aBATCH-CLA$b00$c20140327$lBLL01$h1828
=CAT  \\$aIPL-CLA$c20140331$lBLL01$h1629
=CAT  \\$aBATCH-UPD$b00$c20190322$lBLL01$h2032
=CAT  \\$aBATCH-CLA$b00$c20190323$lBLL01$h0106
=CAT  \\$aW2308-1659$c20230923$lBLL01$h0924
=CAT  \\$aBATCH-CLA$b00$c20230924$lBLL01$h0648
=CFI  0\$aBritish Library not licensed to copy$c0$e01-apr-2014$hC$iCFP Excluded$5Uk
=FIN  \\$aY$d20060726
=FMT  \\$a  BK
=LAS  \\$aBATCH-CLA$b00$c20230924$lBLL01$h0648
=SID  \\$aZ39$bOCLC
=TCO  \\$aTRS$bCCC$c008

