=LDR  03717cam a22005777a 4500
=001  013518813
=003  Uk
=005  20230924064854.0
=008  060613s2006\\\\mau\\\\\\b\\\\000\0\eng\d
=040  \\$aIUL$cIUL$dIUL$dGZM
=100  1\$aField, Erica Marie,$d1974-
=245  10$aEducational debt burden and career choice :$bevidence from a financial aid experiment at NYU law school /$cErica Field.
=260  \\$aCambridge, Mass. :$bNational Bureau of Economic Research,$cc2006.
=300  \\$a37 p. ;$c22 cm.
=336  \\$atext$2rdacontent
=337  \\$aunmediated$2rdamedia
=338  \\$avolume$2rdacarrier
=490  1\$aNBER working paper series ;$vno. 12282
=500  \\$a"May 2006"
=504  \\$aIncludes bibliographical references (p. 24).
=520  3\$a"This paper examines the influence of educational debt aversion on the career choice of law school students, including the decision to attend law school and the decision to work in public interest law. To isolate the role of debt aversion, I analyze experimental data from NYU Law School's Innovative Financial Aid Study in which two career-contingent financial aid packages were randomly assigned to participating admits. Because the packages had equivalent monetary value and differed only in the duration of indebtedness, differences in career choices associated with financial aid assignment can be attributed to psychological debt aversion. The results indicate that debt aversion matters: In classes for which the lottery was announced prior to enrollment, participants randomly assigned to the low-debt package are nearly twice as likely to enroll. In classes without selective matriculation, lottery winners have a 36-45% higher rate of first job placement in public interest law. Both results are consistent with a simple model of debt aversion in which psychic costs of holding debt during and after school generate differences in the discounted lifetime utility of the financial aid packages and, hence, in the value of attending law school and of working in public interest law"--National Bureau of Economic Research web site.
=530  \\$aAlso available in PDF from the NBER world wide web site (www.nber.org).
=540  \\$aBritish Library not licensed to copy$c0$5Uk
=650  \0$aStudent aid$xMathematical models.
=710  2\$aNational Bureau of Economic Research.
=830  \0$aWorking paper series (National Bureau of Economic Research) ;$vworking paper no. 12282.
=852  41$aBritish Library$bDSC$j6067.719500$ino. 12282
=856  41$uhttp://www.nber.org/papers/W12282.pdf$zClick here to download PDF file
=985  \\$aProvisional record - DSC
=ACF  \\$aBritish Library not licensed to copy$c0$e01-oct-2013$hC$iCFP Excluded$5Uk
=CAT  \\$a7233$b40$c20060726$lBLL01$h1533
=CAT  \\$a7233$b40$c20060726$lBLL01$h1536
=CAT  \\$aBATCH-CLA$b00$c20130527$lBLL01$h0130
=CAT  \\$aBATCH-CLA$b00$c20130630$lBLL01$h1629
=CAT  \\$aIPL-CLA$c20130701$lBLL01$h0100
=CAT  \\$aBATCH-CLA$b00$c20130702$lBLL01$h0201
=CAT  \\$aBATCH-CLA$b00$c20130929$lBLL01$h1618
=CAT  \\$aIPL-CLA$c20130930$lBLL01$h1747
=CAT  \\$aBATCH-CLA$b00$c20131202$lBLL01$h0327
=CAT  \\$aIPL-CLA$c20140101$lBLL01$h0006
=CAT  \\$aBATCH-CLA$b00$c20140327$lBLL01$h1828
=CAT  \\$aIPL-CLA$c20140331$lBLL01$h1629
=CAT  \\$aBATCH-UPD$b00$c20180419$lBLL01$h1627
=CAT  \\$aW2308-1659$c20230923$lBLL01$h0924
=CAT  \\$aBATCH-CLA$b00$c20230924$lBLL01$h0648
=CFI  0\$aBritish Library not licensed to copy$c0$e01-apr-2014$hC$iCFP Excluded$5Uk
=FIN  \\$aY$d20060726
=FMT  \\$a  BK
=LAS  \\$aBATCH-CLA$b00$c20230924$lBLL01$h0648
=SID  \\$aZ39$bOCLC
=TCO  \\$aTRS$bCCC$c008

