=LDR  03089cam a22005897a 4500
=001  013519065
=003  Uk
=005  20230924064855.0
=008  060613s2006\\\\maua\\\\\b\\\\000\0\eng\d
=040  \\$aIUL$cIUL$dIUL$dGZM
=100  1\$aKaplow, Louis.
=245  10$aOptimal income transfers /$cLouis Kaplow.
=260  \\$aCambridge, Mass. :$bNational Bureau of Economic Research,$cc2006.
=300  \\$a34 p. :$bill. ;$c22 cm.
=336  \\$atext$2rdacontent
=337  \\$aunmediated$2rdamedia
=338  \\$avolume$2rdacarrier
=490  1\$aNBER working paper series ;$vno. 12284
=500  \\$a"May 2006"
=504  \\$aIncludes bibliographical references (p. 31-34).
=520  3\$a"A substantial literature addresses the design of transfer programs and policies, including the negative income tax, other means-tested transfers, the earned income tax credit, categorical assistance, and work inducements. This work is largely independent of that on the optimal nonlinear income tax, yet formulations of such a tax necessarily address how low-income individuals should be treated. This paper draws on the optimal income taxation literature to illuminate the analysis of transfer programs, including the level and shape of marginal tax rates (including phase-outs), the structure of categorical assistance, and the role of work inducements in an optimal income transfer scheme"--National Bureau of Economic Research web site.
=530  \\$aAlso available in PDF from the NBER world wide web site (www.nber.org).
=540  \\$aBritish Library not licensed to copy$c0$5Uk
=650  \0$aIncome maintenance programs.
=710  2\$aNational Bureau of Economic Research.
=830  \0$aWorking paper series (National Bureau of Economic Research) ;$vworking paper no. 12284.
=852  41$aBritish Library$bDSC$j6067.719500$ino. 12284
=856  41$uhttp://www.nber.org/papers/W12284.pdf$zClick here to download PDF file
=985  \\$aProvisional record - DSC
=ACF  \\$aBritish Library not licensed to copy$c0$e01-oct-2013$hC$iCFP Excluded$5Uk
=CAT  \\$a7233$b40$c20060727$lBLL01$h1016
=CAT  \\$a7233$b40$c20060727$lBLL01$h1018
=CAT  \\$aBATCH-CLA$b00$c20130527$lBLL01$h0130
=CAT  \\$aBATCH-CLA$b00$c20130630$lBLL01$h1629
=CAT  \\$aIPL-CLA$c20130701$lBLL01$h0100
=CAT  \\$aBATCH-CLA$b00$c20130702$lBLL01$h0201
=CAT  \\$aBATCH-CLA$b00$c20130929$lBLL01$h1618
=CAT  \\$aIPL-CLA$c20130930$lBLL01$h1747
=CAT  \\$aBATCH-CLA$b00$c20131202$lBLL01$h0327
=CAT  \\$aIPL-CLA$c20140101$lBLL01$h0006
=CAT  \\$aBATCH-CLA$b00$c20140327$lBLL01$h1828
=CAT  \\$aIPL-CLA$c20140331$lBLL01$h1629
=CAT  \\$aBATCH-UPD$b00$c20181219$lBLL01$h1555
=CAT  \\$aBATCH-CLA$b00$c20181220$lBLL01$h0107
=CAT  \\$aW2308-1659$c20230923$lBLL01$h0924
=CAT  \\$aBATCH-CLA$b00$c20230924$lBLL01$h0648
=CFI  0\$aBritish Library not licensed to copy$c0$e01-apr-2014$hC$iCFP Excluded$5Uk
=FIN  \\$aY$d20060727
=FMT  \\$a  BK
=LAS  \\$aBATCH-CLA$b00$c20230924$lBLL01$h0648
=SID  \\$aZ39$bOCLC
=TCO  \\$aTRS$bCCC$c008

