=LDR  03689cam a22006257a 4500
=001  013519081
=003  Uk
=005  20230924064855.0
=008  060619s2006\\\\mau\\\\\\b\\\\000\0\eng\d
=040  \\$aIUL$cIUL$dGZM
=043  \\$an-us-nc
=245  00$aWould higher salaries keep teachers in high-poverty schools? :$bevidence from a policy intervention in North Carolina /$cCharles Clotfelter ... [et al.]
=260  \\$aCambridge, Mass. :$bNational Bureau of Economic Research,$cc2006.
=300  \\$a29 p. ;$c22 cm.
=336  \\$atext$2rdacontent
=337  \\$aunmediated$2rdamedia
=338  \\$avolume$2rdacarrier
=490  1\$aNBER working paper series ;$vno. 12285
=500  \\$a"June 2006"
=504  \\$aIncludes bibliographical references (p. 22-23).
=520  3\$a"For a three-year time period beginning in 2001, North Carolina awarded an annual bonus of {dollar}1,800 to certified math, science and special education teachers working in high poverty or academically failing public secondary schools. Using longitudinal data on teachers, we estimate hazard models that identify the impact of this differential pay by comparing turnover patterns before and after the program's implementation, across eligible and ineligible categories of teachers, and across eligible and barely-ineligible schools. Results suggest that this bonus payment was sufficient to reduce mean turnover rates of the targeted teachers by 12%. Experienced teachers exhibited the strongest response to the program. Finally, the effect of the program may have been at least partly undermined by the state's failure to fully educate teachers regarding the eligibility criteria. Our estimates most likely underpredict the potential outcome of a program of permanent salary differentials operating under complete information"--National Bureau of Economic Research web site.
=530  \\$aAlso available in PDF from the NBER world wide web site (www.nber.org).
=540  \\$aBritish Library not licensed to copy$c0$5Uk
=650  \0$aTeacher turnover$xMathematical models.
=650  \0$aTeachers$xSalaries, etc.$xMathematical models.
=650  \0$aIncentive awards$zNorth Carolina.
=650  \0$aPoor children$xEducation$zNorth Carolina.
=650  \0$aSchool improvement programs$zNorth Carolina.
=700  1\$aClotfelter, Charles T.
=710  2\$aNational Bureau of Economic Research.
=830  \0$aWorking paper series (National Bureau of Economic Research) ;$vworking paper no. 12285.
=852  41$aBritish Library$bDSC$j6067.719500$ino. 12285
=856  41$uhttp://www.nber.org/papers/W12285.pdf$zClick here to download PDF file
=985  \\$aProvisional record - DSC
=ACF  \\$aBritish Library not licensed to copy$c0$e01-oct-2013$hC$iCFP Excluded$5Uk
=CAT  \\$a7233$b40$c20060727$lBLL01$h1026
=CAT  \\$aBATCH-CLA$b00$c20130527$lBLL01$h0130
=CAT  \\$aBATCH-CLA$b00$c20130630$lBLL01$h1629
=CAT  \\$aIPL-CLA$c20130701$lBLL01$h0100
=CAT  \\$aBATCH-CLA$b00$c20130702$lBLL01$h0201
=CAT  \\$aBATCH-CLA$b00$c20130929$lBLL01$h1618
=CAT  \\$aIPL-CLA$c20130930$lBLL01$h1747
=CAT  \\$aBATCH-CLA$b00$c20131202$lBLL01$h0327
=CAT  \\$aIPL-CLA$c20140101$lBLL01$h0006
=CAT  \\$aBATCH-CLA$b00$c20140327$lBLL01$h1828
=CAT  \\$aIPL-CLA$c20140331$lBLL01$h1629
=CAT  \\$aBATCH-UPD$b00$c20180718$lBLL01$h1947
=CAT  \\$aW2308-1659$c20230923$lBLL01$h0924
=CAT  \\$aBATCH-CLA$b00$c20230924$lBLL01$h0648
=CFI  0\$aBritish Library not licensed to copy$c0$e01-apr-2014$hC$iCFP Excluded$5Uk
=FIN  \\$aY$d20060727
=FMT  \\$a  BK
=LAS  \\$aBATCH-CLA$b00$c20230924$lBLL01$h0648
=SID  \\$aZ39$bOCLC
=TCO  \\$aTRS$bCCC$c008

