=LDR  03738cam a22006017a 4500
=001  013519090
=003  Uk
=005  20230924064855.0
=008  060620s2006\\\\mau\\\\\\b\\\\000\0\eng\d
=040  \\$aIUL$cIUL$dIUL$dGZM
=043  \\$an-us---
=100  1\$aViscusi, W. Kip.
=245  10$aRational discounting for regulatory analysis /$cW. Kip Viscusi.
=260  \\$aCambridge, Mass. :$bNational Bureau of Economic Research,$cc2006.
=300  \\$a51 p. ;$c22 cm.
=336  \\$atext$2rdacontent
=337  \\$aunmediated$2rdamedia
=338  \\$avolume$2rdacarrier
=490  1\$aNBER working paper series ;$vno. 12294
=500  \\$a"June 2006"
=504  \\$aIncludes bibliographical references.
=520  3\$aThis article examines the economic basis for what is termed "rational discounting," which entails full recognition of policy effects over time and exponential discounting at a riskless rate of return. Policies often cannot be ranked unambiguously in terms of their present or future orientation. Both failure to discount and preferential intergenerational discounting generate inconsistencies and economic anomalies. Office of Management and Budget discounting guidelines now stipulate more reasonable discount rates than earlier guidelines, but err in permitting open-ended preferential rates for intergenerational effects. The article presents a methodology for monetizing the value of statistical life for people of different ages and at different points in time. Review of regulatory analyses indicates increased consistency of discounting practices. However, examination of two policies with intergenerational effects, stratospheric ozone regulation and nuclear waste storage at Yucca Mountain, reveal failures to adopt a rational discounting approach. The influence of behavioral anomalies such as hyperbolic discounting may make full recognition of intertemporal effects in benefit-cost analysis more consequential than the use of preferential discount rates"--National Bureau of Economic Research web site.
=530  \\$aAlso available in PDF from the NBER world wide web site (www.nber.org).
=540  \\$aBritish Library not licensed to copy$c0$5Uk
=650  \0$aEnvironmental policy$xEconomic aspects$zUnited States.
=650  \0$aHazardous wastes$xGovernment policy$zUnited States.
=710  2\$aNational Bureau of Economic Research.
=830  \0$aWorking paper series (National Bureau of Economic Research) ;$vworking paper no. 12294.
=852  41$aBritish Library$bDSC$j6067.719500$ino. 12294
=856  41$uhttp://www.nber.org/papers/W12294.pdf$zClick here to download PDF file
=985  \\$aProvisional record - DSC
=ACF  \\$aBritish Library not licensed to copy$c0$e01-oct-2013$hC$iCFP Excluded$5Uk
=CAT  \\$a7233$b40$c20060727$lBLL01$h1030
=CAT  \\$aBATCH-CLA$b00$c20130527$lBLL01$h0130
=CAT  \\$aBATCH-CLA$b00$c20130630$lBLL01$h1629
=CAT  \\$aIPL-CLA$c20130701$lBLL01$h0100
=CAT  \\$aBATCH-CLA$b00$c20130702$lBLL01$h0201
=CAT  \\$aBATCH-CLA$b00$c20130929$lBLL01$h1618
=CAT  \\$aIPL-CLA$c20130930$lBLL01$h1747
=CAT  \\$aBATCH-CLA$b00$c20131202$lBLL01$h0327
=CAT  \\$aIPL-CLA$c20140101$lBLL01$h0006
=CAT  \\$aBATCH-CLA$b00$c20140327$lBLL01$h1828
=CAT  \\$aIPL-CLA$c20140331$lBLL01$h1629
=CAT  \\$aBATCH-UPD$b00$c20211217$lBLL01$h2049
=CAT  \\$aBATCH-CLA$b00$c20211218$lBLL01$h0138
=CAT  \\$aW2308-1659$c20230923$lBLL01$h0924
=CAT  \\$aBATCH-CLA$b00$c20230924$lBLL01$h0648
=CFI  0\$aBritish Library not licensed to copy$c0$e01-apr-2014$hC$iCFP Excluded$5Uk
=FIN  \\$aY$d20060727
=FMT  \\$a  BK
=LAS  \\$aBATCH-CLA$b00$c20230924$lBLL01$h0648
=SID  \\$aZ39$bOCLC
=TCO  \\$aTRS$bCCC$c008

