=LDR  03601cam a22006017a 4500
=001  013519108
=003  Uk
=005  20230924064855.0
=008  060626s2006\\\\mau\\\\\\b\\\\000\0\eng\d
=040  \\$aIUL$cIUL$dIUL$dGZM
=100  1\$aGaynor, Martin.
=245  10$aWhat do we know about competition and quality in health care markets? /$cMartin Gaynor.
=260  \\$aCambridge, Mass. :$bNational Bureau of Economic Research,$cc2006.
=300  \\$a40 p. ;$c22 cm.
=336  \\$atext$2rdacontent
=337  \\$aunmediated$2rdamedia
=338  \\$avolume$2rdacarrier
=490  1\$aNBER working paper series ;$vno. 12301
=500  \\$a"June 2006"
=504  \\$aIncludes bibliographical references (p. 29-32).
=520  3\$a"The goal of this paper is to identify key issues concerning the nature of competition in health care markets and its impacts on quality and social welfare and to identify pertinent findings from the theoretical and empirical literature on this topic. The theoretical literature in economics on competition and quality, the theoretical literature in health economics on this topic, and the empirical findings on competition and quality in health care markets are surveyed and their findings assessed.Theory is clear that competition increases quality and improves consumer welfare when prices are regulated (for prices above marginal cost), although the impacts on social welfare are ambiguous. When firms set both price and quality, both the positive and normative impacts of competition are ambiguous. The body of empirical work in this area is growing rapidly. At present it consists entirely of work on hospital markets. The bulk of the empirical evidence for Medicare patients shows that quality is higher in more competitive markets. The empirical results for privately insured patients are mixed across studies"--National Bureau of Economic Research web site.
=530  \\$aAlso available in PDF from the NBER world wide web site (www.nber.org).
=540  \\$aBritish Library not licensed to copy$c0$5Uk
=650  \0$aMedical care$xCost control$xEconometric models.
=650  \0$aCompetition.
=650  \0$aMedical care$xQuality control.
=710  2\$aNational Bureau of Economic Research.
=830  \0$aWorking paper series (National Bureau of Economic Research) ;$vworking paper no. 12301.
=852  41$aBritish Library$bDSC$j6067.719500$ino. 12301
=856  41$uhttp://www.nber.org/papers/W12301.pdf$zClick here to download PDF file
=985  \\$aProvisional record - DSC
=ACF  \\$aBritish Library not licensed to copy$c0$e01-oct-2013$hC$iCFP Excluded$5Uk
=CAT  \\$a7233$b40$c20060727$lBLL01$h1036
=CAT  \\$aBATCH-CLA$b00$c20130527$lBLL01$h0130
=CAT  \\$aBATCH-CLA$b00$c20130630$lBLL01$h1629
=CAT  \\$aIPL-CLA$c20130701$lBLL01$h0100
=CAT  \\$aBATCH-CLA$b00$c20130702$lBLL01$h0201
=CAT  \\$aBATCH-CLA$b00$c20130929$lBLL01$h1618
=CAT  \\$aIPL-CLA$c20130930$lBLL01$h1747
=CAT  \\$aBATCH-CLA$b00$c20131202$lBLL01$h0327
=CAT  \\$aIPL-CLA$c20140101$lBLL01$h0006
=CAT  \\$aBATCH-CLA$b00$c20140327$lBLL01$h1828
=CAT  \\$aIPL-CLA$c20140331$lBLL01$h1629
=CAT  \\$aBATCH-UPD$b00$c20170719$lBLL01$h1603
=CAT  \\$aBATCH-CLA$b00$c20170720$lBLL01$h0119
=CAT  \\$aW2308-1659$c20230923$lBLL01$h0924
=CAT  \\$aBATCH-CLA$b00$c20230924$lBLL01$h0648
=CFI  0\$aBritish Library not licensed to copy$c0$e01-apr-2014$hC$iCFP Excluded$5Uk
=FIN  \\$aY$d20060727
=FMT  \\$a  BK
=LAS  \\$aBATCH-CLA$b00$c20230924$lBLL01$h0648
=SID  \\$aZ39$bOCLC
=TCO  \\$aTRS$bCCC$c008

