=LDR  03353cam a22006257a 4500
=001  013519131
=003  Uk
=005  20230924064855.0
=008  060626s2006\\\\mau\\\\\\b\\\\000\0\eng\d
=040  \\$aIUL$cIUL$dIUL$dGZM
=043  \\$ae------
=100  1\$aFreeman, Richard B.$q(Richard Barry),$d1943-
=245  10$aSearching for the EU social dialogue model /$cRichard B. Freeman.
=260  \\$aCambridge, Mass. :$bNational Bureau of Economic Research,$cc2006.
=300  \\$a31 p. ;$c22 cm.
=336  \\$atext$2rdacontent
=337  \\$aunmediated$2rdamedia
=338  \\$avolume$2rdacarrier
=490  1\$aNBER working paper series ;$vno. 12306
=500  \\$a"June 2006"
=504  \\$aIncludes bibliographical references (p. 29-31).
=520  3\$a"The European Union and the United States operate different variants of market capitalism. The EU model uses social dialogue institutions to help determine economic outcomes, particularly in the labor market, whereas the US relies more on market forces. The theory of competitive markets provides a powerful framework for analyzing market driven economies and for assessing the conditions under which unfettered markets yield desirable outcomes. But there is no comparable framework for analyzing institution driven economies. This paper argues that models of efficient bargaining/the Coase Theorem offer the best framework for analyzing social dialogue economies and for identifying policies and institutional reforms to improve their functioning"--National Bureau of Economic Research web site.
=530  \\$aAlso available in PDF from the NBER world wide web site (www.nber.org).
=540  \\$aBritish Library not licensed to copy$c0$5Uk
=650  \0$aLabor policy$zEuropean Union countries.
=650  \0$aLabor market$zEuropean Union countries.
=650  \0$aInstitutional economics.
=651  \0$aEuropean Union countries$xSocial policy$xMathematical models.
=710  2\$aNational Bureau of Economic Research.
=830  \0$aWorking paper series (National Bureau of Economic Research) ;$vworking paper no. 12306.
=852  41$aBritish Library$bDSC$j6067.719500$ino. 12306
=856  41$uhttp://www.nber.org/papers/W12306.pdf$zClick here to download PDF file
=985  \\$aProvisional record - DSC
=ACF  \\$aBritish Library not licensed to copy$c0$e01-oct-2013$hC$iCFP Excluded$5Uk
=CAT  \\$a7233$b40$c20060727$lBLL01$h1045
=CAT  \\$aBATCH-CLA$b00$c20130527$lBLL01$h0130
=CAT  \\$aBATCH-CLA$b00$c20130630$lBLL01$h1629
=CAT  \\$aIPL-CLA$c20130701$lBLL01$h0100
=CAT  \\$aBATCH-CLA$b00$c20130702$lBLL01$h0201
=CAT  \\$aBATCH-CLA$b00$c20130929$lBLL01$h1618
=CAT  \\$aIPL-CLA$c20130930$lBLL01$h1747
=CAT  \\$aBATCH-CLA$b00$c20131202$lBLL01$h0327
=CAT  \\$aIPL-CLA$c20140101$lBLL01$h0006
=CAT  \\$aBATCH-CLA$b00$c20140327$lBLL01$h1828
=CAT  \\$aIPL-CLA$c20140331$lBLL01$h1629
=CAT  \\$aBATCH-UPD$b00$c20211217$lBLL01$h2049
=CAT  \\$aBATCH-CLA$b00$c20211218$lBLL01$h0138
=CAT  \\$aW2308-1659$c20230923$lBLL01$h0924
=CAT  \\$aBATCH-CLA$b00$c20230924$lBLL01$h0648
=CFI  0\$aBritish Library not licensed to copy$c0$e01-apr-2014$hC$iCFP Excluded$5Uk
=FIN  \\$aY$d20060727
=FMT  \\$a  BK
=LAS  \\$aBATCH-CLA$b00$c20230924$lBLL01$h0648
=SID  \\$aZ39$bOCLC
=TCO  \\$aTRS$bCCC$c008

