=LDR  03339cam a22005897a 4500
=001  013519143
=003  Uk
=005  20230924064855.0
=008  060705s2006\\\\maua\\\\\b\\\\000\0\eng\d
=040  \\$aIUL$cIUL$dIUL$dGZM
=100  1\$aHansen, Gary D.$q(Gary Duane)
=245  10$aConsumption over the life cycle :$bthe role of annuities /$cGary D. Hansen, Selahattin İmrohoroǧlu.
=260  \\$aCambridge, Mass. :$bNational Bureau of Economic Research,$cc2006.
=300  \\$a32 p. :$bill. ;$c22 cm.
=336  \\$atext$2rdacontent
=337  \\$aunmediated$2rdamedia
=338  \\$avolume$2rdacarrier
=490  1\$aNBER working paper series ;$vno. 12341
=500  \\$a"June 2006"
=504  \\$aIncludes bibliographical references (p. 31-32).
=520  3\$a"We explore the quantitative implications of uncertainty about the length of life and a lack of annuity markets for life cycle consumption in a general equilibrium overlapping generations model in which markets are otherwise complete. Empirical studies find that consumption tends to rise early in life, peak around age 45-55, and to decline after that. Our calibrated model exhibits life cycle consumption that is consistent with this pattern. This follows from the fact that, due to a lack of annuity markets, households discount the future more heavily as they age and their probability of survival falls. Once an unfunded social security system is introduced, the profile is still hump shaped, but the decline in consumption does not begin until after retirement in our base case. Adding a bequest motive causes this decline to begin at a younger age"--National Bureau of Economic Research web site.
=530  \\$aAlso available in PDF from the NBER world wide web site (www.nber.org).
=540  \\$aBritish Library not licensed to copy$c0$5Uk
=650  \0$aConsumption (Economics)$xMathematical models.
=700  1\$aİmrohoroǧlu, Selahattin.
=710  2\$aNational Bureau of Economic Research.
=830  \0$aWorking paper series (National Bureau of Economic Research) ;$vworking paper no. 12341.
=852  41$aBritish Library$bDSC$j6067.719500$i12341
=856  41$uhttp://www.nber.org/papers/W12341.pdf$zClick here to download PDF file
=985  \\$aProvisional record - DSC
=ACF  \\$aBritish Library not licensed to copy$c0$e01-oct-2013$hC$iCFP Excluded$5Uk
=CAT  \\$a7164$b40$c20060727$lBLL01$h1050
=CAT  \\$aBATCH-CLA$b00$c20130527$lBLL01$h0130
=CAT  \\$aBATCH-CLA$b00$c20130630$lBLL01$h1629
=CAT  \\$aIPL-CLA$c20130701$lBLL01$h0100
=CAT  \\$aBATCH-CLA$b00$c20130702$lBLL01$h0201
=CAT  \\$aBATCH-CLA$b00$c20130929$lBLL01$h1618
=CAT  \\$aIPL-CLA$c20130930$lBLL01$h1747
=CAT  \\$aBATCH-CLA$b00$c20131202$lBLL01$h0327
=CAT  \\$aIPL-CLA$c20140101$lBLL01$h0006
=CAT  \\$aBATCH-CLA$b00$c20140327$lBLL01$h1828
=CAT  \\$aIPL-CLA$c20140331$lBLL01$h1629
=CAT  \\$aBATCH-UPD$b00$c20200720$lBLL01$h2032
=CAT  \\$aBATCH-CLA$b00$c20200721$lBLL01$h0103
=CAT  \\$aW2308-1659$c20230923$lBLL01$h0924
=CAT  \\$aBATCH-CLA$b00$c20230924$lBLL01$h0648
=CFI  0\$aBritish Library not licensed to copy$c0$e01-apr-2014$hC$iCFP Excluded$5Uk
=FIN  \\$aY$d20060727
=FMT  \\$a  BK
=LAS  \\$aBATCH-CLA$b00$c20230924$lBLL01$h0648
=SID  \\$aZ39$bOCLC
=TCO  \\$aTRS$bCCC$c008

