=LDR  03620cam a22006497a 4500
=001  013519518
=003  Uk
=005  20230924064855.0
=008  060613s2006\\\\maua\\\\\b\\\\000\0\eng\d
=040  \\$aIUL$cIUL$dIUL$dGZM
=043  \\$ae------
=100  10$aGaspar, Vitor.
=245  10$aStability first :$breflections inspired by Otmar Issing's success as the ECB's chief economist /$cVitor Gaspar, Anil K. Kashyap.
=260  \\$aCambridge, Mass. :$bNational Bureau of Economic Research,$cc2006.
=300  \\$a35 p. :$bill. ;$c22 cm.
=336  \\$atext$2rdacontent
=337  \\$aunmediated$2rdamedia
=338  \\$avolume$2rdacarrier
=490  1\$aNBER working paper series ;$vno. 12277
=500  \\$a"May 2006"
=504  \\$aIncludes bibliographical references (p. 25-31).
=520  3\$a"In this paper, we review Otmar Issing's career as the ECB's inaugural chief economist and we document many notable successes. We try to infer some general principles that contributed to these successes and draw some lessons. In doing so, we review the evidence using Woodford's (2003) recent revival of the Wicksellian approach to monetary policy making. Suitably interpreted the baseline model can rationalize Issing's three guiding principles for successful policymaking. This baseline model, however, fails to account for the important role that monetary and financial analysis played in the conduct of policy during Issing's tenure. We propose an extension of the model to account for financial developments and show that this extended model substantially improves our understanding of ECB practice. We conclude by listing six open questions, relevant for the future of central banking in Europe that Issing may want to consider in case leisure allows"--National Bureau of Economic Research web site.
=530  \\$aAlso available in PDF from the NBER world wide web site (www.nber.org).
=540  \\$aBritish Library not licensed to copy$c0$5Uk
=600  10$aIssing, Otmar.
=610  20$aEuropean Central Bank.
=650  \0$aMonetary policy$zEurope.
=700  1\$aKashyap, A. K.
=710  2\$aNational Bureau of Economic Research.
=830  \0$aWorking paper series (National Bureau of Economic Research) ;$vworking paper no. 12277.
=852  41$aBritish Library$bDSC$j6067.719500$ino. 12277
=856  41$uhttp://www.nber.org/papers/W12277.pdf$zClick here to download PDF file
=985  \\$aProvisional record - DSC
=ACF  \\$aBritish Library not licensed to copy$c0$e01-oct-2013$hC$iCFP Excluded$5Uk
=CAT  \\$a10775$b40$c20060727$lBLL01$h1524
=CAT  \\$aBATCH-UPD$b40$c20101031$lBLL01$h2354
=CAT  \\$aBATCH-CLA$b00$c20130527$lBLL01$h0130
=CAT  \\$aBATCH-CLA$b00$c20130630$lBLL01$h1629
=CAT  \\$aIPL-CLA$c20130701$lBLL01$h0100
=CAT  \\$aBATCH-CLA$b00$c20130702$lBLL01$h0201
=CAT  \\$aBATCH-CLA$b00$c20130929$lBLL01$h1618
=CAT  \\$aIPL-CLA$c20130930$lBLL01$h1747
=CAT  \\$aBATCH-CLA$b00$c20131202$lBLL01$h0327
=CAT  \\$aIPL-CLA$c20140101$lBLL01$h0006
=CAT  \\$aBATCH-CLA$b00$c20140327$lBLL01$h1828
=CAT  \\$aIPL-CLA$c20140331$lBLL01$h1629
=CAT  \\$aBATCH-UPD$b00$c20141219$lBLL01$h0551
=CAT  \\$aBATCH-UPD$b00$c20190427$lBLL01$h1739
=CAT  \\$aBATCH-CLA$b00$c20190428$lBLL01$h0102
=CAT  \\$aW2308-1659$c20230923$lBLL01$h0924
=CAT  \\$aBATCH-CLA$b00$c20230924$lBLL01$h0648
=CFI  0\$aBritish Library not licensed to copy$c0$e01-apr-2014$hC$iCFP Excluded$5Uk
=FIN  \\$aY$d20060727
=FMT  \\$a  BK
=LAS  \\$aBATCH-CLA$b00$c20230924$lBLL01$h0648
=SID  \\$aZ39$bOCLC
=TCO  \\$aTRS$bCCC$c008

