=LDR  03354cam a22005777a 4500
=001  013519541
=003  Uk
=005  20230924064856.0
=008  060620s2006\\\\mau\\\\\\b\\\\000\0\eng\d
=040  \\$aIUL$cIUL$dIUL$dGZM
=100  1\$aAbel, Andrew B.,$d1952-
=245  10$aEquity premia with benchmark levels of consumption :$bclosed-form results /$cAndrew B. Abel.
=260  \\$aCambridge, Mass. :$bNational Bureau of Economic Research,$cc2006.
=300  \\$a48 p. ;$c22 cm.
=336  \\$atext$2rdacontent
=337  \\$aunmediated$2rdamedia
=338  \\$avolume$2rdacarrier
=490  1\$aNBER working paper series ;$vno. 12290
=500  \\$a"June 2006"
=504  \\$aIncludes bibliographical references (p. 47-48).
=520  3\$a"I calculate exact expressions for risk premia, term premia, and the premium on levered equity in a framework that includes habit formation, keeping/catching up with the Joneses, and possible departures from rational expectations. Closed-form expressions for the first and second moments of returns and for the R2 of a regression of stock returns on the dividend-price ratio are derived under lognormality for the case that includes keeping/catching up with the Joneses. Linear approximations illustrate how these moments of returns are affected by parameter values and illustrate quantitatively how well the model can account for values of the equity premium, the term premium, and the standard deviations of the riskless return and the rate of return on levered equity. For empirically relevant parameter values, the linear approximations yield values of the various moments that are close to those obtained from the exact solutions"--National Bureau of Economic Research web site.
=530  \\$aAlso available in PDF from the NBER world wide web site (www.nber.org).
=540  \\$aBritish Library not licensed to copy$c0$5Uk
=650  \0$aConsumption (Economics)$xMathematical models.
=710  2\$aNational Bureau of Economic Research.
=830  \0$aWorking paper series (National Bureau of Economic Research) ;$vworking paper no. 12290.
=852  41$aBritish Library$bDSC$j6067.719500$ino. 12290
=856  41$uhttp://www.nber.org/papers/W12290.pdf$zClick here to download PDF file
=985  \\$aProvisional record - DSC
=ACF  \\$aBritish Library not licensed to copy$c0$e01-oct-2013$hC$iCFP Excluded$5Uk
=CAT  \\$a10775$b40$c20060727$lBLL01$h1538
=CAT  \\$aBATCH-CLA$b00$c20130527$lBLL01$h0130
=CAT  \\$aBATCH-CLA$b00$c20130630$lBLL01$h1629
=CAT  \\$aIPL-CLA$c20130701$lBLL01$h0100
=CAT  \\$aBATCH-CLA$b00$c20130702$lBLL01$h0201
=CAT  \\$aBATCH-CLA$b00$c20130929$lBLL01$h1618
=CAT  \\$aIPL-CLA$c20130930$lBLL01$h1747
=CAT  \\$aBATCH-CLA$b00$c20131202$lBLL01$h0327
=CAT  \\$aIPL-CLA$c20140101$lBLL01$h0006
=CAT  \\$aBATCH-CLA$b00$c20140327$lBLL01$h1828
=CAT  \\$aIPL-CLA$c20140331$lBLL01$h1629
=CAT  \\$aBATCH-UPD$b00$c20200711$lBLL01$h1822
=CAT  \\$aBATCH-CLA$b00$c20200712$lBLL01$h0102
=CAT  \\$aW2308-1659$c20230923$lBLL01$h0924
=CAT  \\$aBATCH-CLA$b00$c20230924$lBLL01$h0648
=CFI  0\$aBritish Library not licensed to copy$c0$e01-apr-2014$hC$iCFP Excluded$5Uk
=FIN  \\$aY$d20060727
=FMT  \\$a  BK
=LAS  \\$aBATCH-CLA$b00$c20230924$lBLL01$h0648
=SID  \\$aZ39$bOCLC
=TCO  \\$aTRS$bCCC$c008

