=LDR  04276cam a22006257a 4500
=001  013519550
=003  Uk
=005  20230924064856.0
=008  060620s2006\\\\mau\\\\\\b\\\\000\0\eng\d
=040  \\$aIUL$cIUL$dIUL$dGZM
=100  1\$aCawley, John H.$q(John Horan)
=245  10$aBeyond BMI :$bthe value of more accurate measures of fatness and obesity in social science research /$cJohn Cawley, Richard V. Burkhauser.
=246  33$aBeyond body mass index
=260  \\$aCambridge, Mass. :$bNational Bureau of Economic Research,$cc2006.
=300  \\$a50 p. ;$c22 cm.
=336  \\$atext$2rdacontent
=337  \\$aunmediated$2rdamedia
=338  \\$avolume$2rdacarrier
=490  1\$aNBER working paper series ;$vno. 12291
=500  \\$a"June 2006"
=504  \\$aIncludes bibliographical references (p. 33-36).
=520  3\$a"Virtually all social science research related to obesity uses body mass index (BMI), usually calculated using self-reported values of weight and height, or clinical weight classifications based on BMI. Yet there is wide agreement in the medical literature that such measures are seriously flawed because they do not distinguish fat from fat-free mass such as muscle and bone. Here we evaluate more accurate measures of fatness (total body fat, percent body fat, and waist circumference) that have greater theoretical support in the medical literature. We provide conversion formulas based on NHANES data so that researchers can calculate the estimated values of these more accurate measures of fatness using the self-reported weight and height available in many social science datasets.To demonstrate the benefits of these alternative measures of fatness, we show that using them significantly impacts who is classified as obese. For example, when the more accurate measures of fatness are used, the gap in obesity between white and African American men increases substantially, with white men significantly more likely to be obese. In addition, the gap in obesity between African American and white women is cut in half (with African American women still significantly more likely to be obese). As an example of the value of fatness in predicting social science outcomes, we show that while BMI is positively correlated with the probability of employment disability in the PSID, when body mass is divided into its components, fatness is positively correlated with disability while fat-free mass (such as muscle) is negatively correlated with disability"--National Bureau of Economic Research web site.
=530  \\$aAlso available in PDF from the NBER world wide web site (www.nber.org).
=540  \\$aBritish Library not licensed to copy$c0$5Uk
=650  \0$aObesity$xMathematical models.
=650  \0$aBody mass index$xMathematical models.
=650  \0$aBody composition.
=700  1\$aBurkhauser, Richard V.
=710  2\$aNational Bureau of Economic Research.
=830  \0$aWorking paper series (National Bureau of Economic Research) ;$vworking paper no. 12291.
=852  41$aBritish Library$bDSC$j6067.719500$ino. 12291
=856  41$uhttp://www.nber.org/papers/W12291.pdf$zClick here to download PDF file
=985  \\$aProvisional record - DSC
=ACF  \\$aBritish Library not licensed to copy$c0$e01-oct-2013$hC$iCFP Excluded$5Uk
=CAT  \\$a10775$b40$c20060727$lBLL01$h1543
=CAT  \\$aBATCH-CLA$b00$c20130527$lBLL01$h0130
=CAT  \\$aBATCH-CLA$b00$c20130630$lBLL01$h1629
=CAT  \\$aIPL-CLA$c20130701$lBLL01$h0100
=CAT  \\$aBATCH-CLA$b00$c20130702$lBLL01$h0201
=CAT  \\$aBATCH-CLA$b00$c20130929$lBLL01$h1618
=CAT  \\$aIPL-CLA$c20130930$lBLL01$h1747
=CAT  \\$aBATCH-CLA$b00$c20131202$lBLL01$h0327
=CAT  \\$aIPL-CLA$c20140101$lBLL01$h0006
=CAT  \\$aBATCH-CLA$b00$c20140327$lBLL01$h1828
=CAT  \\$aIPL-CLA$c20140331$lBLL01$h1629
=CAT  \\$aBATCH-UPD$b00$c20211217$lBLL01$h2050
=CAT  \\$aBATCH-CLA$b00$c20211218$lBLL01$h0138
=CAT  \\$aW2308-1659$c20230923$lBLL01$h0924
=CAT  \\$aBATCH-CLA$b00$c20230924$lBLL01$h0648
=CFI  0\$aBritish Library not licensed to copy$c0$e01-apr-2014$hC$iCFP Excluded$5Uk
=FIN  \\$aY$d20060727
=FMT  \\$a  BK
=LAS  \\$aBATCH-CLA$b00$c20230924$lBLL01$h0648
=SID  \\$aZ39$bOCLC
=TCO  \\$aTRS$bCCC$c008

