=LDR  03245cam a22006017a 4500
=001  013519558
=003  Uk
=005  20230924064856.0
=008  060620s2006\\\\maua\\\\\b\\\\000\0\eng\d
=040  \\$aIUL$cIUL$dGZM
=100  1\$aGordon, Roger H.$q(Roger Hall),$d1949-
=245  10$aDividends and taxes /$cRoger Gordon, Martin Dietz.
=260  \\$aCambridge, Mass. :$bNational Bureau of Economic Research,$cc2006.
=300  \\$a34 p. :$bill. ;$c22 cm.
=336  \\$atext$2rdacontent
=337  \\$aunmediated$2rdamedia
=338  \\$avolume$2rdacarrier
=490  1\$aNBER working paper series ;$vno. 12292
=500  \\$a"June 2006"
=504  \\$aIncludes bibliographical references (p. 30-32).
=520  3\$a"How do dividend taxes affect firm behavior and what are their distributional and efficiency effects? To answer these questions, the first problem is coming up with an explanation for why firms pay dividends, in spite of their tax penalty.This paper surveys three different models for why firms pay dividends, and then uses each model to examine the behavioral and efficiency effects of dividend taxes. The three models examined are: the "new view," an agency cost explanation, and a signaling model.While all three models forecast dividends, their forecasts regarding other firm behavior, and their forecasts for the efficiency and distributional effects of a dividend tax, often differ. Given the evidence to date, we find the agency model is the one most consistent with the data"--National Bureau of Economic Research web site.
=530  \\$aAlso available in PDF from the NBER world wide web site (www.nber.org).
=540  \\$aBritish Library not licensed to copy$c0$5Uk
=650  \0$aDividends$xTaxation$xMathematical models.
=650  \0$aCorporations$xTaxation.
=700  1\$aDietz, Martin.
=710  2\$aNational Bureau of Economic Research.
=830  \0$aWorking paper series (National Bureau of Economic Research) ;$vworking paper no. 12292.
=852  41$aBritish Library$bDSC$j6067.719500$ino. 12292
=856  41$uhttp://www.nber.org/papers/W12292.pdf$zClick here to download PDF file
=985  \\$aProvisional record - DSC
=ACF  \\$aBritish Library not licensed to copy$c0$e01-oct-2013$hC$iCFP Excluded$5Uk
=CAT  \\$a10775$b40$c20060727$lBLL01$h1546
=CAT  \\$aBATCH-CLA$b00$c20130527$lBLL01$h0130
=CAT  \\$aBATCH-CLA$b00$c20130630$lBLL01$h1629
=CAT  \\$aIPL-CLA$c20130701$lBLL01$h0100
=CAT  \\$aBATCH-CLA$b00$c20130702$lBLL01$h0201
=CAT  \\$aBATCH-CLA$b00$c20130929$lBLL01$h1618
=CAT  \\$aIPL-CLA$c20130930$lBLL01$h1747
=CAT  \\$aBATCH-CLA$b00$c20131202$lBLL01$h0327
=CAT  \\$aIPL-CLA$c20140101$lBLL01$h0006
=CAT  \\$aBATCH-CLA$b00$c20140327$lBLL01$h1828
=CAT  \\$aIPL-CLA$c20140331$lBLL01$h1629
=CAT  \\$aBATCH-UPD$b00$c20211217$lBLL01$h2050
=CAT  \\$aBATCH-CLA$b00$c20211218$lBLL01$h0138
=CAT  \\$aW2308-1659$c20230923$lBLL01$h0924
=CAT  \\$aBATCH-CLA$b00$c20230924$lBLL01$h0648
=CFI  0\$aBritish Library not licensed to copy$c0$e01-apr-2014$hC$iCFP Excluded$5Uk
=FIN  \\$aY$d20060727
=FMT  \\$a  BK
=LAS  \\$aBATCH-CLA$b00$c20230924$lBLL01$h0648
=SID  \\$aZ39$bOCLC
=TCO  \\$aTRS$bCCC$c008

