=LDR  03550cam a22006017a 4500
=001  013519562
=003  Uk
=005  20230924064856.0
=008  060620s2006\\\\maua\\\\\b\\\\000\0\eng\d
=040  \\$aIUL$cIUL$dIUL$dGZM
=100  10$aLowry, Michelle.
=245  14$aThe variability of IPO initial returns /$cMichelle Lowry, Micah S. Officer, G. William Schwert.
=260  \\$aCambridge, Mass. :$bNational Bureau of Economic Research,$cc2006.
=300  \\$a26, [11] p. :$bill. ;$c22 cm.
=336  \\$atext$2rdacontent
=337  \\$aunmediated$2rdamedia
=338  \\$avolume$2rdacarrier
=490  1\$aNBER working paper series ;$vno. 12295
=500  \\$a"June 2006"
=504  \\$aIncludes bibliographical references (p. 25-26).
=520  3\$a"The monthly volatility of IPO initial returns is substantial and fluctuates dramatically over time. Moreover, the monthly volatility of initial returns is significantly positively correlated with monthly mean initial returns. This contrasts strongly with the strong negative correlation between the mean and volatility of secondary-market returns. Consistent with IPO theory, our empirical findings suggest that information asymmetry about the firm's market value drives this positive correlation. Specifically, months in which a greater portion of the offerings are for companies for which information asymmetry is likely to be a problem tend to have higher average initial returns and a higher volatility of initial returns. Moreover, information asymmetry proxies are able to explain much of the positive correlation between average initial returns and the variability of initial returns, and the same proxies are significantly associated with both the level and dispersion of initial returns at the firm level"--National Bureau of Economic Research web site.
=530  \\$aAlso available in PDF from the NBER world wide web site (www.nber.org).
=540  \\$aBritish Library not licensed to copy$c0$5Uk
=650  \0$aGoing public (Securities)$xMathematical models.
=700  1\$aOfficer, Micah S.,$d1974-
=700  1\$aSchwert, G. William$q(George William),$d1950-
=710  2\$aNational Bureau of Economic Research.
=830  \0$aWorking paper series (National Bureau of Economic Research) ;$vworking paper no. 12295.
=852  41$aBritish Library$bDSC$j6067.719500$ino. 12295
=856  41$uhttp://www.nber.org/papers/W12295.pdf$zClick here to download PDF file
=985  \\$aProvisional record - DSC
=ACF  \\$aBritish Library not licensed to copy$c0$e01-oct-2013$hC$iCFP Excluded$5Uk
=CAT  \\$a10775$b40$c20060727$lBLL01$h1549
=CAT  \\$aBATCH-CLA$b00$c20130527$lBLL01$h0130
=CAT  \\$aBATCH-CLA$b00$c20130630$lBLL01$h1629
=CAT  \\$aIPL-CLA$c20130701$lBLL01$h0100
=CAT  \\$aBATCH-CLA$b00$c20130702$lBLL01$h0201
=CAT  \\$aBATCH-CLA$b00$c20130929$lBLL01$h1618
=CAT  \\$aIPL-CLA$c20130930$lBLL01$h1747
=CAT  \\$aBATCH-CLA$b00$c20131202$lBLL01$h0327
=CAT  \\$aIPL-CLA$c20140101$lBLL01$h0006
=CAT  \\$aBATCH-CLA$b00$c20140327$lBLL01$h1828
=CAT  \\$aIPL-CLA$c20140331$lBLL01$h1629
=CAT  \\$aBATCH-UPD$b00$c20211217$lBLL01$h2050
=CAT  \\$aBATCH-CLA$b00$c20211218$lBLL01$h0138
=CAT  \\$aW2308-1659$c20230923$lBLL01$h0924
=CAT  \\$aBATCH-CLA$b00$c20230924$lBLL01$h0648
=CFI  0\$aBritish Library not licensed to copy$c0$e01-apr-2014$hC$iCFP Excluded$5Uk
=FIN  \\$aY$d20060727
=FMT  \\$a  BK
=LAS  \\$aBATCH-CLA$b00$c20230924$lBLL01$h0648
=SID  \\$aZ39$bOCLC
=TCO  \\$aTRS$bCCC$c008

