=LDR  02638cam a22006257a 4500
=001  013519572
=003  Uk
=005  20230924064856.0
=008  060621s2006\\\\maua\\\\\b\\\\000\0\eng\d
=040  \\$aIUL$cIUL$dIUL$dGZM
=043  \\$ae-fr---
=100  1\$aBordo, Michael D.
=245  10$aCurrency mismatches, default risk, and exchange rate depreciation :$bevidence from the end of bimetallism /$cMichael D. Bordo, Christopher M. Meissner, Marc D. Weidenmier.
=260  \\$aCambridge, Mass. :$bNational Bureau of Economic Research,$cc2006.
=300  \\$a52 p. :$bill. ;$c22 cm.
=336  \\$atext$2rdacontent
=337  \\$aunmediated$2rdamedia
=338  \\$avolume$2rdacarrier
=490  1\$aNBER working paper series ;$vno. 12299
=500  \\$a"June 2006"
=504  \\$aIncludes bibliographical references (p. 34-37).
=530  \\$aAlso available in PDF from the NBER world wide web site (www.nber.org).
=540  \\$aBritish Library not licensed to copy$c0$5Uk
=650  \0$aForeign exchange rates$xEconometric models.
=650  \0$aMoney$xEconometric models.
=650  \0$aBimetallism$zFrance.
=700  1\$aMeissner, Christopher M.$q(Christopher Michael).
=700  1\$aWeidenmier, Marc D.
=710  2\$aNational Bureau of Economic Research.
=830  \0$aWorking paper series (National Bureau of Economic Research) ;$vworking paper no. 12299.
=852  41$aBritish Library$bDSC$j6067.719500$ino. 12299
=856  41$uhttp://www.nber.org/papers/W12299.pdf$zClick here to download PDF file
=985  \\$aProvisional record - DSC
=ACF  \\$aBritish Library not licensed to copy$c0$e01-oct-2013$hC$iCFP Excluded$5Uk
=CAT  \\$a10775$b40$c20060727$lBLL01$h1555
=CAT  \\$aBATCH-CLA$b00$c20130527$lBLL01$h0130
=CAT  \\$aBATCH-CLA$b00$c20130630$lBLL01$h1629
=CAT  \\$aIPL-CLA$c20130701$lBLL01$h0100
=CAT  \\$aBATCH-CLA$b00$c20130702$lBLL01$h0201
=CAT  \\$aBATCH-CLA$b00$c20130929$lBLL01$h1618
=CAT  \\$aIPL-CLA$c20130930$lBLL01$h1747
=CAT  \\$aBATCH-CLA$b00$c20131202$lBLL01$h0327
=CAT  \\$aIPL-CLA$c20140101$lBLL01$h0006
=CAT  \\$aBATCH-CLA$b00$c20140327$lBLL01$h1828
=CAT  \\$aIPL-CLA$c20140331$lBLL01$h1629
=CAT  \\$aBATCH-UPD$b00$c20211217$lBLL01$h2050
=CAT  \\$aBATCH-CLA$b00$c20211218$lBLL01$h0138
=CAT  \\$aW2308-1659$c20230923$lBLL01$h0924
=CAT  \\$aBATCH-CLA$b00$c20230924$lBLL01$h0648
=CFI  0\$aBritish Library not licensed to copy$c0$e01-apr-2014$hC$iCFP Excluded$5Uk
=FIN  \\$aY$d20060727
=FMT  \\$a  BK
=LAS  \\$aBATCH-CLA$b00$c20230924$lBLL01$h0648
=SID  \\$aZ39$bOCLC
=TCO  \\$aTRS$bCCC$c008

