=LDR  03228cam a22006017a 4500
=001  013520395
=003  Uk
=005  20230924064856.0
=008  060626s2006\\\\mau\\\\\\b\\\\000\0\eng\d
=040  \\$aIUL$cIUL$dIUL$dGZM
=245  04$aThe impact of poor health on education :$bnew evidence using genetic markers /$cWeili Ding ... [et al.]
=260  \\$aCambridge, Mass. :$bNational Bureau of Economic Research,$cc2006.
=300  \\$a70 p. ;$c22 cm.
=336  \\$atext$2rdacontent
=337  \\$aunmediated$2rdamedia
=338  \\$avolume$2rdacarrier
=490  1\$aNBER working paper series ;$vno. 12304
=500  \\$a"June 2006"
=504  \\$aIncludes bibliographical references.
=520  3\$a"This paper examines the influence of health conditions on academic performance during adolescence. To account for the endogeneity of health outcomes and their interactions with risky behaviors we exploit natural variation within a set of genetic markers across individuals. We present strong evidence that these genetic markers serve as valid instruments with good statistical properties for ADHD, depression and obesity. They help to reveal a new dynamism from poor health to lower academic achievement with substantial heterogeneity in their impacts across genders. Our investigation further exposes the considerable challenges in identifying health impacts due to the prevalence of comorbid health conditions and endogenous health behaviors"--National Bureau of Economic Research web site.
=530  \\$aAlso available in PDF from the NBER world wide web site (www.nber.org).
=540  \\$aBritish Library not licensed to copy$c0$5Uk
=650  \0$aAcademic achievement$xEconometric models.
=650  \0$aTeenagers$xHealth and hygiene.
=650  \0$aGenetic markers.
=700  1\$aDing, Weili.
=710  2\$aNational Bureau of Economic Research.
=830  \0$aWorking paper series (National Bureau of Economic Research) ;$vworking paper no. 12304.
=852  41$aBritish Library$bDSC$j6067.719500$ino. 12304
=856  41$uhttp://www.nber.org/papers/W12304.pdf$zClick here to download PDF file
=985  \\$aProvisional record - DSC
=ACF  \\$aBritish Library not licensed to copy$c0$e01-oct-2013$hC$iCFP Excluded$5Uk
=CAT  \\$a9504$b40$c20060729$lBLL01$h0839
=CAT  \\$aBATCH-CLA$b00$c20130527$lBLL01$h0130
=CAT  \\$aBATCH-CLA$b00$c20130630$lBLL01$h1629
=CAT  \\$aIPL-CLA$c20130701$lBLL01$h0100
=CAT  \\$aBATCH-CLA$b00$c20130702$lBLL01$h0201
=CAT  \\$aBATCH-CLA$b00$c20130929$lBLL01$h1618
=CAT  \\$aIPL-CLA$c20130930$lBLL01$h1747
=CAT  \\$aBATCH-CLA$b00$c20131202$lBLL01$h0327
=CAT  \\$aIPL-CLA$c20140101$lBLL01$h0006
=CAT  \\$aBATCH-CLA$b00$c20140327$lBLL01$h1828
=CAT  \\$aIPL-CLA$c20140331$lBLL01$h1629
=CAT  \\$aBATCH-UPD$b00$c20191230$lBLL01$h1711
=CAT  \\$aBATCH-CLA$b00$c20191231$lBLL01$h0103
=CAT  \\$aW2308-1659$c20230923$lBLL01$h0924
=CAT  \\$aBATCH-CLA$b00$c20230924$lBLL01$h0648
=CFI  0\$aBritish Library not licensed to copy$c0$e01-apr-2014$hC$iCFP Excluded$5Uk
=FIN  \\$aY$d20060729
=FMT  \\$a  BK
=LAS  \\$aBATCH-CLA$b00$c20230924$lBLL01$h0648
=SID  \\$aZ39$bOCLC
=TCO  \\$aTRS$bCCC$c008

