=LDR  03341cam a22006257a 4500
=001  013520396
=003  Uk
=005  20230924064856.0
=008  060626s2006\\\\maua\\\\\b\\\\000\0\eng\d
=040  \\$aIUL$cIUL$dIUL$dGZM
=043  \\$aa-cc---
=100  1\$aDing, Weili.
=245  10$aDo peers affect student achievement in China's secondary schools? /$cWeili Ding, Steven F. Lehrer.
=260  \\$aCambridge, Mass. :$bNational Bureau of Economic Research,$cc2006.
=300  \\$a42 p. :$bill. ;$c22 cm.
=336  \\$atext$2rdacontent
=337  \\$aunmediated$2rdamedia
=338  \\$avolume$2rdacarrier
=490  1\$aNBER working paper series ;$vno. 12305
=500  \\$a"June 2006"
=504  \\$aIncludes bibliographical references (p. 35-37).
=520  3\$a"Peer effects have figured prominently in debates on school vouchers, desegregation, ability tracking and anti-poverty programs. Compelling evidence of their existence remains scarce for plaguing endogeneity issues such as selection bias and the reflection problem. This paper firmly establishes a link between peer performance and student achievement, using a unique dataset from China. We find strong evidence that peer effects exist and operate in a positive and nonlinear manner; reducing the variation of peer performance increases achievement; and our semi-parametric estimates clarify the tradeoffs facing policymakers in exploiting positive peers effects to increase future achievement"--National Bureau of Economic Research web site.
=530  \\$aAlso available in PDF from the NBER world wide web site (www.nber.org).
=540  \\$aBritish Library not licensed to copy$c0$5Uk
=650  \0$aEducation, Secondary$zChina$xMathematical models.
=650  \0$aAcademic achievement$zChina$xMathematical models.
=650  \0$aPeer pressure in children$zChina$xMathematical models.
=700  1\$aLehrer, Steven F.$q(Steven Fredrick),$d1972-
=710  2\$aNational Bureau of Economic Research.
=830  \0$aWorking paper series (National Bureau of Economic Research) ;$vworking paper no. 12305.
=852  41$aBritish Library$bDSC$j6067.719500$ino. 12305
=856  41$uhttp://www.nber.org/papers/W12305.pdf$zClick here to download PDF file
=985  \\$aProvisional record - DSC
=ACF  \\$aBritish Library not licensed to copy$c0$e01-oct-2013$hC$iCFP Excluded$5Uk
=CAT  \\$a9504$b40$c20060729$lBLL01$h0845
=CAT  \\$aBATCH-CLA$b00$c20130527$lBLL01$h0130
=CAT  \\$aBATCH-CLA$b00$c20130630$lBLL01$h1629
=CAT  \\$aIPL-CLA$c20130701$lBLL01$h0100
=CAT  \\$aBATCH-CLA$b00$c20130702$lBLL01$h0201
=CAT  \\$aBATCH-CLA$b00$c20130929$lBLL01$h1618
=CAT  \\$aIPL-CLA$c20130930$lBLL01$h1747
=CAT  \\$aBATCH-CLA$b00$c20131202$lBLL01$h0327
=CAT  \\$aIPL-CLA$c20140101$lBLL01$h0006
=CAT  \\$aBATCH-CLA$b00$c20140327$lBLL01$h1828
=CAT  \\$aIPL-CLA$c20140331$lBLL01$h1629
=CAT  \\$aBATCH-UPD$b00$c20181219$lBLL01$h1744
=CAT  \\$aBATCH-CLA$b00$c20181220$lBLL01$h0107
=CAT  \\$aW2308-1659$c20230923$lBLL01$h0924
=CAT  \\$aBATCH-CLA$b00$c20230924$lBLL01$h0648
=CFI  0\$aBritish Library not licensed to copy$c0$e01-apr-2014$hC$iCFP Excluded$5Uk
=FIN  \\$aY$d20060729
=FMT  \\$a  BK
=LAS  \\$aBATCH-CLA$b00$c20230924$lBLL01$h0648
=SID  \\$aZ39$bOCLC
=TCO  \\$aTRS$bCCC$c008

