=LDR  03664cam a22006137a 4500
=001  013520398
=003  Uk
=005  20230924064856.0
=008  060707s2006\\\\mauab\\\\b\\\\000\0\eng\d
=040  \\$aIUL$cIUL$dIUL$dGZM
=100  1\$aLevy Yeyati, Eduardo.
=245  10$aLiquidity insurance in a financially dollarized economy /$cEduardo Levy Yeyati.
=260  \\$aCambridge, Mass. :$bNational Bureau of Economic Research,$cc2006.
=300  \\$a35 p. :$bill., map ;$c22 cm.
=336  \\$atext$2rdacontent
=337  \\$aunmediated$2rdamedia
=338  \\$avolume$2rdacarrier
=490  1\$aNBER working paper series ;$vno. 12345
=500  \\$a"June 2006"
=504  \\$aIncludes bibliographical references (p. 23-24).
=520  3\$a"Unlike the financial dollarization (FD) of external liabilities, the dollarization of domestic financial assets (domestic FD) has received comparatively less attention until very recently, when it has been increasingly seen as a key source of balance sheet exposure. This paper focuses on a complementary and often overlooked angle of domestic FD: the limit it imposes on the central bank as domestic lender of last resort, and the resulting exposure to dollar liquidity runs. The paper discusses the incidence of FD on banking crisis propensity, shows that FD has been an important motive for self insurance in the form of international reserves, and highlights the moral hazard associated with centralized reserve accumulation. Next, it illustrates the authorities' belated recourse to suspension of convertibility in two recent banking crises (Argentina 2001 and Uruguay 2002). Finally, it argues for a combined scheme of decentralized reserves (liquid asset requirements on individual banks) to limit moral hazard, and an ex ante suspension of convertibility clause ("circuit breakers") to reduce self insurance costs while limiting bank losses in the event of a run"--National Bureau of Economic Research web site.
=530  \\$aAlso available in PDF from the NBER world wide web site (www.nber.org).
=540  \\$aBritish Library not licensed to copy$c0$5Uk
=650  \0$aDollar, American.
=650  \0$aCurrency question.
=650  \0$aBanks and banking.
=650  \0$aLiquidity (Economics)
=710  2\$aNational Bureau of Economic Research.
=830  \0$aWorking paper series (National Bureau of Economic Research) ;$vworking paper no. 12345.
=852  41$aBritish Library$bDSC$j6067.719500$i12345
=856  41$uhttp://www.nber.org/papers/W12345.pdf$zClick here to download PDF file
=985  \\$aProvisional record - DSC
=ACF  \\$aBritish Library not licensed to copy$c0$e01-oct-2013$hC$iCFP Excluded$5Uk
=CAT  \\$a7164$b40$c20060729$lBLL01$h0848
=CAT  \\$aBATCH-CLA$b00$c20130527$lBLL01$h0130
=CAT  \\$aBATCH-CLA$b00$c20130630$lBLL01$h1629
=CAT  \\$aIPL-CLA$c20130701$lBLL01$h0100
=CAT  \\$aBATCH-CLA$b00$c20130702$lBLL01$h0201
=CAT  \\$aBATCH-CLA$b00$c20130929$lBLL01$h1618
=CAT  \\$aIPL-CLA$c20130930$lBLL01$h1747
=CAT  \\$aBATCH-CLA$b00$c20131202$lBLL01$h0327
=CAT  \\$aIPL-CLA$c20140101$lBLL01$h0006
=CAT  \\$aBATCH-CLA$b00$c20140327$lBLL01$h1828
=CAT  \\$aIPL-CLA$c20140331$lBLL01$h1629
=CAT  \\$aBATCH-UPD$b00$c20211217$lBLL01$h2050
=CAT  \\$aBATCH-CLA$b00$c20211218$lBLL01$h0138
=CAT  \\$aW2308-1659$c20230923$lBLL01$h0924
=CAT  \\$aBATCH-CLA$b00$c20230924$lBLL01$h0648
=CFI  0\$aBritish Library not licensed to copy$c0$e01-apr-2014$hC$iCFP Excluded$5Uk
=FIN  \\$aY$d20060729
=FMT  \\$a  BK
=LAS  \\$aBATCH-CLA$b00$c20230924$lBLL01$h0648
=SID  \\$aZ39$bOCLC
=TCO  \\$aTRS$bCCC$c008

