=LDR  03793cam a22006017a 4500
=001  013520414
=003  Uk
=005  20230924064856.0
=008  060619s2006\\\\maua\\\\\b\\\\000\0\eng\d
=040  \\$aIUL$cIUL$dIUL$dGZM
=043  \\$ae-ur---
=100  1\$aGronau, Reuben,$d1937-
=245  10$aHome production and the macro economy :$bsome lessons from Pollak and Wachter and from transition Russia /$cReuben Gronau.
=260  \\$aCambridge, Mass. :$bNational Bureau of Economic Research,$cc2006.
=300  \\$a48 p. :$bill. ;$c22 cm.
=336  \\$atext$2rdacontent
=337  \\$aunmediated$2rdamedia
=338  \\$avolume$2rdacarrier
=490  1\$aNBER working paper series ;$vno. 12287
=500  \\$a"June 2006"
=504  \\$aIncludes bibliographical references (p. 30-33).
=520  3\$a"Recent years witnessed a flourishing of literature on the implication of shifts from home- production to market production on the macro economy, and in particular, the real business cycle. This literature employs calibration techniques to emulate the fluctuations in market output, labor and capital inputs and productivity over the business cycle, assuming a representative consumer and using stylized parameters of the substitution elasticity between home and market goods, and of the home production function. This paper argues that the parameters used in this literature cannot be verified empirically because of econometric identification problems. Furthermore, using data from the late 90s from transition Russia, it is argued that one cannot capture the fluctuation between the home and the market by using a representative consumer, since there is a distinct difference between males and females in their reaction to loss of employment: men shift most of the time released from market work to leisure while women divide it almost equally between work at home and leisure. Finally it is shown that the switch from a controlled economy to a market economy resulted in significant increase in home productivity and an increase in the free time enjoyed by both Russian men and women"--National Bureau of Economic Research web site.
=530  \\$aAlso available in PDF from the NBER world wide web site (www.nber.org).
=540  \\$aBritish Library not licensed to copy$c0$5Uk
=650  \0$aLeisure$xEconomic aspects$zRussia.
=650  \0$aWork and family$zRussia.
=710  2\$aNational Bureau of Economic Research.
=830  \0$aWorking paper series (National Bureau of Economic Research) ;$vworking paper no. 12287.
=852  41$aBritish Library$bDSC$j6067.719500$i12287
=856  41$uhttp://www.nber.org/papers/W12287.pdf$zClick here to download PDF file
=985  \\$aProvisional record - DSC
=ACF  \\$aBritish Library not licensed to copy$c0$e01-oct-2013$hC$iCFP Excluded$5Uk
=CAT  \\$a7164$b40$c20060729$lBLL01$h0933
=CAT  \\$aBATCH-CLA$b00$c20130527$lBLL01$h0130
=CAT  \\$aBATCH-CLA$b00$c20130630$lBLL01$h1629
=CAT  \\$aIPL-CLA$c20130701$lBLL01$h0100
=CAT  \\$aBATCH-CLA$b00$c20130702$lBLL01$h0201
=CAT  \\$aBATCH-CLA$b00$c20130929$lBLL01$h1618
=CAT  \\$aIPL-CLA$c20130930$lBLL01$h1747
=CAT  \\$aBATCH-CLA$b00$c20131202$lBLL01$h0327
=CAT  \\$aIPL-CLA$c20140101$lBLL01$h0006
=CAT  \\$aBATCH-CLA$b00$c20140327$lBLL01$h1828
=CAT  \\$aIPL-CLA$c20140331$lBLL01$h1629
=CAT  \\$aBATCH-UPD$b00$c20211217$lBLL01$h2050
=CAT  \\$aBATCH-CLA$b00$c20211218$lBLL01$h0138
=CAT  \\$aW2308-1659$c20230923$lBLL01$h0924
=CAT  \\$aBATCH-CLA$b00$c20230924$lBLL01$h0648
=CFI  0\$aBritish Library not licensed to copy$c0$e01-apr-2014$hC$iCFP Excluded$5Uk
=FIN  \\$aY$d20060729
=FMT  \\$a  BK
=LAS  \\$aBATCH-CLA$b00$c20230924$lBLL01$h0648
=SID  \\$aZ39$bOCLC
=TCO  \\$aTRS$bCCC$c008

