=LDR  02431cam a22005897a 4500
=001  013534269
=003  Uk
=005  20230924064856.0
=008  060707s2006\\\\maua\\\\\b\\\\000\0\eng\d
=040  \\$aIUL$cIUL$dIUL$dGZM
=100  1\$aViscusi, W. Kip.
=245  14$aThe catastrophic effects of natural disasters on insurance markets /$cW. Kip Viscusi, Patricia Born.
=260  \\$aCambridge, Mass. :$bNational Bureau of Economic Research,$cc2006.
=300  \\$a32 p. :$bill. ;$c22 cm.
=336  \\$atext$2rdacontent
=337  \\$aunmediated$2rdamedia
=338  \\$avolume$2rdacarrier
=490  1\$aNBER working paper series ;$vno. 12348
=500  \\$a"June 2006"
=504  \\$aIncludes bibliographical references (p. 21-22).
=530  \\$aAlso available in PDF from the NBER world wide web site (www.nber.org).
=540  \\$aBritish Library not licensed to copy$c0$5Uk
=650  \0$aNatural disasters$xEconomic aspects.
=650  \0$aHomeowner's insurance.
=700  1\$aBorn, Patricia,$d1964-
=710  2\$aNational Bureau of Economic Research.
=830  \0$aWorking paper series (National Bureau of Economic Research) ;$vworking paper no. 12348.
=852  41$aBritish Library$bDSC$j6067.719500$ino. 12348
=856  41$uhttp://www.nber.org/papers/W12348.pdf$zClick here to download PDF file
=985  \\$aProvisional record - DSC
=ACF  \\$aBritish Library not licensed to copy$c0$e01-oct-2013$hC$iCFP Excluded$5Uk
=CAT  \\$a7233$b40$c20060817$lBLL01$h1650
=CAT  \\$aBATCH-CLA$b00$c20130527$lBLL01$h0130
=CAT  \\$aBATCH-CLA$b00$c20130630$lBLL01$h1629
=CAT  \\$aIPL-CLA$c20130701$lBLL01$h0100
=CAT  \\$aBATCH-CLA$b00$c20130702$lBLL01$h0201
=CAT  \\$aBATCH-CLA$b00$c20130929$lBLL01$h1618
=CAT  \\$aIPL-CLA$c20130930$lBLL01$h1748
=CAT  \\$aBATCH-CLA$b00$c20131202$lBLL01$h0327
=CAT  \\$aIPL-CLA$c20140101$lBLL01$h0007
=CAT  \\$aBATCH-CLA$b00$c20140327$lBLL01$h1828
=CAT  \\$aIPL-CLA$c20140331$lBLL01$h1629
=CAT  \\$aBATCH-UPD$b00$c20211217$lBLL01$h2050
=CAT  \\$aBATCH-CLA$b00$c20211218$lBLL01$h0138
=CAT  \\$aW2308-1659$c20230923$lBLL01$h0925
=CAT  \\$aBATCH-CLA$b00$c20230924$lBLL01$h0648
=CFI  0\$aBritish Library not licensed to copy$c0$e01-apr-2014$hC$iCFP Excluded$5Uk
=FIN  \\$aY$d20060817
=FMT  \\$a  BK
=LAS  \\$aBATCH-CLA$b00$c20230924$lBLL01$h0648
=SID  \\$aZ39$bOCLC
=TCO  \\$aTRS$bCCC$c008

