=LDR  03549cam a22006377a 4500
=001  013534338
=003  Uk
=005  20230924064856.0
=008  060726s2006\\\\mau\\\\\\b\\\\000\0\eng\d
=040  \\$aIUL$cIUL$dUPM$dIUL$dGZM
=043  \\$an-us---
=100  1\$aGrabowski, David C.
=245  10$aNursing home quality as public good /$cDavid C. Grabowski, Jonathan Gruber, Joseph J. Angelelli.
=260  \\$aCambridge, Mass. :$bNational Bureau of Economic Research,$cc2006.
=300  \\$a39 p. ;$c22 cm.
=336  \\$atext$2rdacontent
=337  \\$aunmediated$2rdamedia
=338  \\$avolume$2rdacarrier
=490  1\$aNBER working paper series ;$vno. 12361
=500  \\$a"July 2006"
=504  \\$aIncludes bibliographical references (p. 36-39).
=520  3\$a"There has been much debate among economists about whether nursing home quality is a public good across Medicaid and private-pay patients within a common facility. However, there has been only limited empirical work addressing this issue. Using a unique individual level panel of residents of nursing homes from seven states, we exploit both within-facility and within-patient variation in payer source and quality to examine this issue. We also test the robustness of these results across states with different Medicaid and private-pay rate differentials. Across our various identification strategies, the results generally support the idea that quality is a public good within nursing homes. That is, within a common nursing home, there is very little evidence to suggest that Medicaid-funded residents receive consistently lower quality care relative to their private-paying counterparts"--National Bureau of Economic Research web site.
=530  \\$aAlso available in PDF from the NBER world wide web site (www.nber.org).
=540  \\$aBritish Library not licensed to copy$c0$5Uk
=650  \0$aNursing homes$zUnited States$xQuality control$xMathematical models.
=700  1\$aGruber, Jonathan.
=700  1\$aAngelelli, Joseph J.$q(Joseph James).
=710  2\$aNational Bureau of Economic Research.
=830  \0$aWorking paper series (National Bureau of Economic Research) ;$vworking paper no. 12361.
=852  41$aBritish Library$bDSC$j6067.719500$ino. 12361
=856  41$uhttp://www.nber.org/papers/W12361.pdf$zClick here to download PDF file
=985  \\$aProvisional record - DSC
=ACF  \\$aBritish Library not licensed to copy$c0$e01-oct-2013$hC$iCFP Excluded$5Uk
=CAT  \\$a7233$b40$c20060818$lBLL01$h0859
=CAT  \\$aBATCH-CLA$b00$c20130527$lBLL01$h0130
=CAT  \\$aBATCH-CLA$b00$c20130630$lBLL01$h1629
=CAT  \\$aIPL-CLA$c20130701$lBLL01$h0100
=CAT  \\$aBATCH-CLA$b00$c20130702$lBLL01$h0201
=CAT  \\$aBATCH-CLA$b00$c20130929$lBLL01$h1618
=CAT  \\$aIPL-CLA$c20130930$lBLL01$h1748
=CAT  \\$aBATCH-CLA$b00$c20131202$lBLL01$h0327
=CAT  \\$aIPL-CLA$c20140101$lBLL01$h0007
=CAT  \\$aBATCH-CLA$b00$c20140327$lBLL01$h1828
=CAT  \\$aIPL-CLA$c20140331$lBLL01$h1629
=CAT  \\$aBATCH-UPD$b00$c20201003$lBLL01$h0733
=CAT  \\$aBATCH-CLA$b00$c20201004$lBLL01$h0105
=CAT  \\$a8250$b40$c20230117$lBLL01$h0935
=CAT  \\$aBATCH-CLA$b00$c20230118$lBLL01$h0117
=CAT  \\$aW2308-1659$c20230923$lBLL01$h0925
=CAT  \\$aBATCH-CLA$b00$c20230924$lBLL01$h0648
=CFI  0\$aBritish Library not licensed to copy$c0$e01-apr-2014$hC$iCFP Excluded$5Uk
=FIN  \\$aY$d20060818
=FMT  \\$a  BK
=LAS  \\$aBATCH-CLA$b00$c20230924$lBLL01$h0648
=SID  \\$aZ39$bOCLC
=TCO  \\$aTRS$bCCC$c008

