=LDR  03799cam a22006137a 4500
=001  013534361
=003  Uk
=005  20230924064856.0
=008  060725s2006\\\\mau\\\\\\b\\\\000\0\eng\d
=040  \\$aIUL$cIUL$dIUL$dGZM
=043  \\$ae-dk---
=245  00$aInside the family firm :$bthe role of families in succession decisions and performance /$cMorten Bennedsen ... [et al.]
=260  \\$aCambridge, Mass. :$bNational Bureau of Economic Research,$cc2006.
=300  \\$a46 p. ;$c22 cm.
=336  \\$atext$2rdacontent
=337  \\$aunmediated$2rdamedia
=338  \\$avolume$2rdacarrier
=490  1\$aNBER working paper series ;$vno. 12356
=500  \\$a"July 2006"
=504  \\$aIncludes bibliographical references (p. 34-36).
=520  3\$a"This paper uses a unique dataset from Denmark to investigate the impact of family characteristics in corporate decision making and the consequences of these decisions on firm performance. We focus on the decision to appoint either a family or external chief executive officer (CEO). The paper uses variation in CEO succession decisions that result from the gender of a departing CEO's firstborn child. This is a plausible instrumental variable (IV), as male first-child firms are more likely to pass on control to a family CEO than are female first-child firms, but the gender of the first child is unlikely to affect firms' outcomes. We find that family successions have a large negative causal impact on firm performance: operating profitability on assets falls by at least four percentage points around CEO transitions. Our IV estimates are significantly larger than those obtained using ordinary least squares. Furthermore, we show that family-CEO underperformance is particularly large in fast-growing industries, industries with highly skilled labor force and relatively large firms. Overall, our empirical results demonstrate that professional, non-family CEOs provide extremely valuable services to the organizations they head"--National Bureau of Economic Research web site.
=530  \\$aAlso available in PDF from the NBER world wide web site (www.nber.org).
=540  \\$aBritish Library not licensed to copy$c0$5Uk
=650  \0$aFamily-owned business enterprises$xMathematical models.
=650  \0$aFamily corporations$zDenmark.
=650  \0$aCorporations$xPerformance.
=700  1\$aBennedsen, Morten.
=710  2\$aNational Bureau of Economic Research.
=830  \0$aWorking paper series (National Bureau of Economic Research) ;$vworking paper no. 12356.
=852  41$aBritish Library$bDSC$j6067.719500$ino. 12356
=856  41$uhttp://www.nber.org/papers/W12356.pdf$zClick here to download PDF file
=985  \\$aProvisional record - DSC
=ACF  \\$aBritish Library not licensed to copy$c0$e01-oct-2013$hC$iCFP Excluded$5Uk
=CAT  \\$a7233$b40$c20060818$lBLL01$h0914
=CAT  \\$aBATCH-CLA$b00$c20130527$lBLL01$h0130
=CAT  \\$aBATCH-CLA$b00$c20130630$lBLL01$h1629
=CAT  \\$aIPL-CLA$c20130701$lBLL01$h0100
=CAT  \\$aBATCH-CLA$b00$c20130702$lBLL01$h0201
=CAT  \\$aBATCH-CLA$b00$c20130929$lBLL01$h1618
=CAT  \\$aIPL-CLA$c20130930$lBLL01$h1748
=CAT  \\$aBATCH-CLA$b00$c20131202$lBLL01$h0327
=CAT  \\$aIPL-CLA$c20140101$lBLL01$h0007
=CAT  \\$aBATCH-CLA$b00$c20140327$lBLL01$h1828
=CAT  \\$aIPL-CLA$c20140331$lBLL01$h1629
=CAT  \\$aBATCH-UPD$b00$c20211217$lBLL01$h2050
=CAT  \\$aBATCH-CLA$b00$c20211218$lBLL01$h0138
=CAT  \\$aW2308-1659$c20230923$lBLL01$h0925
=CAT  \\$aBATCH-CLA$b00$c20230924$lBLL01$h0648
=CFI  0\$aBritish Library not licensed to copy$c0$e01-apr-2014$hC$iCFP Excluded$5Uk
=FIN  \\$aY$d20060818
=FMT  \\$a  BK
=LAS  \\$aBATCH-CLA$b00$c20230924$lBLL01$h0648
=SID  \\$aZ39$bOCLC
=TCO  \\$aTRS$bCCC$c008

