=LDR  03710cam a22006377a 4500
=001  013535750
=003  Uk
=005  20230924064856.0
=007  cr\mn\
=008  060725s2006\\\\maua\\\\\b\\\\000\0\eng\d
=040  \\$aIUL$cIUL$dIUL$dGZM
=100  10$aGyourko, Joseph E.,$d1956-
=245  10$aSuperstar cities /$cJoseph Gyourko, Christopher Mayer, Todd Sinai.
=260  \\$aCambridge, Mass. :$bNational Bureau of Economic Research,$cc2006.
=300  \\$a52 p. :$bill. ;$c22 cm.
=336  \\$atext$2rdacontent
=337  \\$acomputer$2rdamedia
=338  \\$aonline resource$2rdacarrier
=490  1\$aNBER working paper series ;$vno. 12355
=500  \\$a"July 2006"
=504  \\$aIncludes bibliographical references (p. 35-36).
=520  3\$a"Differences in house price and income growth rates between 1950 and 2000 across metropolitan areas have led to an ever-widening gap in housing values and incomes between the typical and highest-priced locations. We show that the growing spatial skewness in house prices and incomes are related and can be explained, at least in part, by inelastic supply of land in some attractive locations combined with an increasing number of high-income households nationally. Scarce land leads to a bidding-up of land prices and a sorting of high-income families relatively more into those desirable, unique, low housing construction markets, which we label "superstar cities." Continued growth in the number of high-income families in the U.S. provides support for ever-larger differences in house prices across inelastically supplied locations and income-based spatial sorting. Our empirical work confirms a number of equilibrium relationships implied by the superstar cities framework and shows that it occurs both at the metropolitan area level and at the sub-MSA level, controlling for MSA characteristics"--National Bureau of Economic Research web site.
=530  \\$aAlso available in PDF from the NBER world wide web site (www.nber.org).
=540  \\$aBritish Library not licensed to copy$c0$5Uk
=650  \0$aHousing$xPrices$xMathematical models.
=700  1\$aMayer, Christopher J.
=700  1\$aSinai, Todd M.$q(Todd Michael).
=710  2\$aNational Bureau of Economic Research.
=830  \0$aWorking paper series (National Bureau of Economic Research) ;$vworking paper no. 12355.
=852  41$aBritish Library$bDSC$j6067.719500$ino. 12355
=856  41$uhttp://www.nber.org/papers/W12355.pdf$zClick here to download PDF file
=985  \\$aProvisional record - DSC
=ACF  \\$aBritish Library not licensed to copy$c0$e01-oct-2013$hC$iCFP Excluded$5Uk
=CAT  \\$a9504$b40$c20060822$lBLL01$h0854
=CAT  \\$aBATCH-CLA$b00$c20130527$lBLL01$h0130
=CAT  \\$aBATCH-CLA$b00$c20130630$lBLL01$h1629
=CAT  \\$aIPL-CLA$c20130701$lBLL01$h0100
=CAT  \\$aBATCH-CLA$b00$c20130702$lBLL01$h0201
=CAT  \\$aBATCH-CLA$b00$c20130929$lBLL01$h1618
=CAT  \\$aIPL-CLA$c20130930$lBLL01$h1748
=CAT  \\$aBATCH-CLA$b00$c20131202$lBLL01$h0327
=CAT  \\$aIPL-CLA$c20140101$lBLL01$h0007
=CAT  \\$aBATCH-CLA$b00$c20140327$lBLL01$h1828
=CAT  \\$aIPL-CLA$c20140331$lBLL01$h1629
=CAT  \\$aBATCH-UPD$b00$c20211217$lBLL01$h2050
=CAT  \\$aBATCH-CLA$b00$c20211218$lBLL01$h0138
=CAT  \\$aW2306-1299$c20230622$lBLL01$h1652
=CAT  \\$aBATCH-CLA$b00$c20230623$lBLL01$h0111
=CAT  \\$aW2308-1659$c20230923$lBLL01$h0925
=CAT  \\$aBATCH-CLA$b00$c20230924$lBLL01$h0648
=CFI  0\$aBritish Library not licensed to copy$c0$e01-apr-2014$hC$iCFP Excluded$5Uk
=FIN  \\$aY$d20060822
=FMT  \\$a  BK
=LAS  \\$aBATCH-CLA$b00$c20230924$lBLL01$h0648
=SID  \\$aZ39$bOCLC
=TCO  \\$aTRS$bCCC$c008

