=LDR  03803cam a22006377a 4500
=001  013535761
=003  Uk
=005  20230924064857.0
=007  cr\bn\
=008  060726s2006\\\\maua\\\\\b\\\\000\0\eng\d
=040  \\$aIUL$cIUL$dIUL$dGZM
=100  1\$aAizenman, Joshua.
=245  10$aReal exchange rate and international reserves in the era of growing financial and trade integration /$cJoshua Aizenman, Daniel Riera-Crichton.
=260  \\$aCambridge, Mass. :$bNational Bureau of Economic Research,$c2006.
=300  \\$a34 p. :$bill. ;$c22 cm.
=336  \\$atext$2rdacontent
=337  \\$acomputer$2rdamedia
=338  \\$aonline resource$2rdacarrier
=490  1\$aNBER working paper series ;$vno. 12363
=500  \\$a"July 2006"
=504  \\$aIncludes bibliographical references (p. 12-13).
=520  3\$a"This paper evaluates the impact of international reserves, terms of trade (TOT) shocks and capital flows on the real exchange rate (REER). We observe that international reserves (IR) cushions the impact of TOT shocks on REER, and that this effect is important for developing but not for industrial countries. This buffer effect is especially significant for Asian countries, and for countries exporting natural resources. As suggested by theory, financial depth reduces the buffer role of IR in developing countries. The role of shock absorber for IR remains robust to the addition of various controls, dealing with capital flows (FDI, hot money, etc.), exchange rate management and monetary policy, as well as trade openness. We also find that short term capital inflows (Other Investment, Portfolio Investment) and increases in foreign reserves are associated with appreciated real exchange rate. Developing countries REER seem to be more sensitive to changes in reserve assets; whereas industrial countries display a significant relationship between hot money and REER and no effect on REER due to changes in reserve assets"--National Bureau of Economic Research web site.
=530  \\$aAlso available in PDF from the NBER world wide web site (www.nber.org).
=540  \\$aBritish Library not licensed to copy$c0$5Uk
=650  \0$aForeign exchange rates$xEconometric models.
=650  \0$aInternational finance.
=700  1\$aRiera-Crichton, Daniel.
=710  2\$aNational Bureau of Economic Research.
=830  \0$aWorking paper series (National Bureau of Economic Research) ;$vworking paper no. 12363.
=852  41$aBritish Library$bDSC$j6067.719500$ino. 12363
=856  41$uhttp://www.nber.org/papers/W12363.pdf$zClick here to download PDF file
=985  \\$aProvisional record - DSC
=ACF  \\$aBritish Library not licensed to copy$c0$e01-oct-2013$hC$iCFP Excluded$5Uk
=CAT  \\$a9504$b40$c20060822$lBLL01$h0903
=CAT  \\$aBATCH-CLA$b00$c20130527$lBLL01$h0130
=CAT  \\$aBATCH-CLA$b00$c20130630$lBLL01$h1629
=CAT  \\$aIPL-CLA$c20130701$lBLL01$h0100
=CAT  \\$aBATCH-CLA$b00$c20130702$lBLL01$h0201
=CAT  \\$aBATCH-CLA$b00$c20130929$lBLL01$h1618
=CAT  \\$aIPL-CLA$c20130930$lBLL01$h1748
=CAT  \\$aBATCH-CLA$b00$c20131202$lBLL01$h0327
=CAT  \\$aIPL-CLA$c20140101$lBLL01$h0007
=CAT  \\$aBATCH-CLA$b00$c20140327$lBLL01$h1828
=CAT  \\$aIPL-CLA$c20140331$lBLL01$h1629
=CAT  \\$aBATCH-UPD$b00$c20211217$lBLL01$h2050
=CAT  \\$aBATCH-CLA$b00$c20211218$lBLL01$h0138
=CAT  \\$aW2306-1299$c20230622$lBLL01$h1652
=CAT  \\$aBATCH-CLA$b00$c20230623$lBLL01$h0111
=CAT  \\$aW2308-1659$c20230923$lBLL01$h0925
=CAT  \\$aBATCH-CLA$b00$c20230924$lBLL01$h0648
=CFI  0\$aBritish Library not licensed to copy$c0$e01-apr-2014$hC$iCFP Excluded$5Uk
=FIN  \\$aY$d20060822
=FMT  \\$a  BK
=LAS  \\$aBATCH-CLA$b00$c20230924$lBLL01$h0648
=SID  \\$aZ39$bOCLC
=TCO  \\$aTRS$bCCC$c008

