=LDR  03163cam a22006017a 4500
=001  013538890
=003  Uk
=005  20230924064857.0
=008  060726s2006\\\\maua\\\\\b\\\\000\0\eng\d
=040  \\$aIUL$cIUL$dIUL$dGZM
=100  10$aLewellen, Jonathan.
=245  12$aA skeptical appraisal of asset-pricing tests /$cJonathan Lewellen, Stefan Nagel, Jay Shanken.
=260  \\$aCambridge, Mass. :$bNational Bureau of Economic Research,$c2006.
=300  \\$a42 p. :$bill. ;$c22 cm.
=336  \\$atext$2rdacontent
=337  \\$aunmediated$2rdamedia
=338  \\$avolume$2rdacarrier
=490  1\$aNBER working paper series ;$vno. 12360
=500  \\$a"July 2006"
=504  \\$aIncludes bibliographical references (p. 38-40).
=520  3\$a"It has become standard practice in the cross-sectional asset-pricing literature to evaluate models based on how well they explain average returns on size- and B/M-sorted portfolios, something many models seem to do remarkably well. In this paper, we review and critique the empirical methods used in the literature. We argue that asset-pricing tests are often highly misleading, in the sense that apparently strong explanatory power (high cross-sectional R2s and small pricing errors) in fact provides quite weak support for a model. We offer a number of suggestions for improving empirical tests and evidence that several proposed models don't work as well as originally advertised"--National Bureau of Economic Research web site.
=530  \\$aAlso available in PDF from the NBER world wide web site (www.nber.org).
=540  \\$aBritish Library not licensed to copy$c0$5Uk
=650  \0$aAssets (Accounting)$xPrices$xEconometric models.
=700  1\$aNagel, Stefan,$d1973-
=700  1\$aShanken, Jay.
=710  2\$aNational Bureau of Economic Research.
=830  \0$aWorking paper series (National Bureau of Economic Research) ;$vworking paper no. 12360.
=852  41$aBritish Library$bDSC$j6067.719500$i12360
=856  41$uhttp://www.nber.org/papers/W12360.pdf$zClick here to download PDF file
=985  \\$aProvisional record - DSC
=ACF  \\$aBritish Library not licensed to copy$c0$e01-oct-2013$hC$iCFP Excluded$5Uk
=CAT  \\$a7164$b40$c20060824$lBLL01$h0844
=CAT  \\$a7164$b40$c20060824$lBLL01$h0845
=CAT  \\$aBATCH-CLA$b00$c20130527$lBLL01$h0130
=CAT  \\$aBATCH-CLA$b00$c20130630$lBLL01$h1629
=CAT  \\$aIPL-CLA$c20130701$lBLL01$h0101
=CAT  \\$aBATCH-CLA$b00$c20130702$lBLL01$h0201
=CAT  \\$aBATCH-CLA$b00$c20130929$lBLL01$h1618
=CAT  \\$aIPL-CLA$c20130930$lBLL01$h1748
=CAT  \\$aBATCH-CLA$b00$c20131202$lBLL01$h0327
=CAT  \\$aIPL-CLA$c20140101$lBLL01$h0007
=CAT  \\$aBATCH-CLA$b00$c20140327$lBLL01$h1828
=CAT  \\$aIPL-CLA$c20140331$lBLL01$h1629
=CAT  \\$a5194$b40$c20180612$lBLL01$h1432
=CAT  \\$aW2308-1659$c20230923$lBLL01$h0926
=CAT  \\$aBATCH-CLA$b00$c20230924$lBLL01$h0648
=CFI  0\$aBritish Library not licensed to copy$c0$e01-apr-2014$hC$iCFP Excluded$5Uk
=FIN  \\$aY$d20060824
=FMT  \\$a  BK
=LAS  \\$aBATCH-CLA$b00$c20230924$lBLL01$h0648
=SID  \\$aZ39$bOCLC
=TCO  \\$aTRS$bCCC$c008

