=LDR  03857cam a22006377a 4500
=001  013538907
=003  Uk
=005  20230924064857.0
=008  060705s2006\\\\maua\\\\\b\\\\000\0\eng\d
=040  \\$aIUL$cIUL$dGZM$dIXA
=043  \\$aa------$acl-----
=100  1\$aArena, Marco.
=245  14$aThe lending channel in emerging economies :$bare foreign banks different? /$cMarco Arena, Carmen Reinhart, Francisco Vázquez.
=246  16$alending channel in emerging economics
=260  \\$aCambridge, Mass. :$bNational Bureau of Economic Research,$cc2006.
=300  \\$a62 p. :$bill. ;$c22 cm.
=336  \\$atext$2rdacontent
=337  \\$aunmediated$2rdamedia
=338  \\$avolume$2rdacarrier
=490  1\$aNBER working paper series ;$vno. 12340
=500  \\$a"June 2006."
=504  \\$aIncludes bibliographical references (p. 30-31).
=520  3\$a"This paper assembles a dataset comprising 1,565 banks in 20 Asian and Latin American countries during 1989-2001 and compares the response of the volume of loans, deposits, and bank-specific interest rates on loans and deposits, to various measures of monetary conditions, across domestic and foreign banks. It also looks for systematic differences in the behavior of domestic and foreign banks during periods of financial distress and tranquil times. Using differences in bank ownership as a proxy for financial constraints on banks, the paper finds weak evidence that foreign banks have a lower sensitivity of credit to monetary conditions relative to their domestic competitors, with the differences driven by banks with lower asset liquidity and/or capitalization. At the same time, the lending and deposit rates of foreign banks tend to be smoother during periods of financial distress, albeit the differences with domestic banks do not appear to be strong. These results provide weak support to the existence of supply-side effects in credit markets and suggest that foreign bank entry in emerging economies may have contributed somewhat to stability in credit markets"--National Bureau of Economic Research web site.
=530  \\$aAlso available in PDF from the NBER world wide web site (www.nber.org).
=540  \\$aBritish Library not licensed to copy$c0$5Uk
=650  \0$aBanks and banking$zAsia$xMathematical models.
=650  \0$aBanks and banking$zLatin America$xMathematical models.
=700  1\$aReinhart, Carmen M.
=700  1\$aVázquez, Francisco F.
=710  2\$aNational Bureau of Economic Research.
=830  \0$aWorking paper series (National Bureau of Economic Research) ;$vworking paper no. 12340.
=852  41$aBritish Library$bDSC$j6067.719500$i12340
=856  41$uhttp://www.nber.org/papers/W12340.pdf$zClick here to download PDF file
=985  \\$aProvisional record - DSC
=ACF  \\$aBritish Library not licensed to copy$c0$e01-oct-2013$hC$iCFP Excluded$5Uk
=CAT  \\$a7164$b40$c20060824$lBLL01$h0857
=CAT  \\$aBATCH-CLA$b00$c20130527$lBLL01$h0130
=CAT  \\$aBATCH-CLA$b00$c20130630$lBLL01$h1629
=CAT  \\$aIPL-CLA$c20130701$lBLL01$h0101
=CAT  \\$aBATCH-CLA$b00$c20130702$lBLL01$h0201
=CAT  \\$aBATCH-CLA$b00$c20130929$lBLL01$h1618
=CAT  \\$aIPL-CLA$c20130930$lBLL01$h1748
=CAT  \\$aBATCH-CLA$b00$c20131202$lBLL01$h0327
=CAT  \\$aIPL-CLA$c20140101$lBLL01$h0007
=CAT  \\$aBATCH-CLA$b00$c20140327$lBLL01$h1828
=CAT  \\$aIPL-CLA$c20140331$lBLL01$h1629
=CAT  \\$aBATCH-UPD$b00$c20211217$lBLL01$h2050
=CAT  \\$aBATCH-CLA$b00$c20211218$lBLL01$h0138
=CAT  \\$aW2308-1659$c20230923$lBLL01$h0926
=CAT  \\$aBATCH-CLA$b00$c20230924$lBLL01$h0648
=CFI  0\$aBritish Library not licensed to copy$c0$e01-apr-2014$hC$iCFP Excluded$5Uk
=FIN  \\$aY$d20060824
=FMT  \\$a  BK
=LAS  \\$aBATCH-CLA$b00$c20230924$lBLL01$h0648
=SID  \\$aZ39$bOCLC
=TCO  \\$aTRS$bCCC$c008

