=LDR  02583cam a22006017a 4500
=001  013576452
=003  Uk
=005  20230924064902.0
=008  060927s2006\\\\mau\\\\\\b\\\\000\0\eng\d
=040  \\$aIUL$cIUL$dGZM$dIUL
=100  1\$aLevitt, Steven D.
=245  10$aEvaluating the effectiveness of child safety seats and seat belts in protecting children from injury /$cSteven D. Levitt, Joseph J. Doyle.
=260  \\$aCambridge, Mass. :$bNational Bureau of Economic Research,$cc2006.
=300  \\$a20, [8] p. ;$c22 cm.
=336  \\$atext$2rdacontent
=337  \\$aunmediated$2rdamedia
=338  \\$avolume$2rdacarrier
=490  1\$aNBER working paper series ;$vno. 12519
=500  \\$a"September 2006"
=504  \\$aIncludes bibliographical references (p. 19-20).
=530  \\$aAlso available in PDF from the NBER world wide web site (www.nber.org).
=540  \\$aBritish Library not licensed to copy$c0$5Uk
=650  \0$aChild restraint systems in automobiles$xMathematical models.
=650  \0$aAutomobiles$xSeat belts$xMathematical models.
=700  1\$aDoyle, Joseph J.$q(Joseph John),$cJr.
=710  2\$aNational Bureau of Economic Research.
=830  \0$aWorking paper series (National Bureau of Economic Research) ;$vworking paper no. 12519.
=852  41$aBritish Library$bDSC$j6067.719500$i12519
=856  41$uhttp://www.nber.org/papers/W12519.pdf$zClick here to download PDF file
=985  \\$aProvisional record - DSC
=ACF  \\$aBritish Library not licensed to copy$c0$e01-oct-2013$hC$iCFP Excluded$5Uk
=CAT  \\$a6098$b40$c20061016$lBLL01$h1039
=CAT  \\$aBATCH-CLA$b00$c20130527$lBLL01$h0130
=CAT  \\$aBATCH-CLA$b00$c20130630$lBLL01$h1629
=CAT  \\$aIPL-CLA$c20130701$lBLL01$h0102
=CAT  \\$aBATCH-CLA$b00$c20130702$lBLL01$h0201
=CAT  \\$aBATCH-CLA$b00$c20130929$lBLL01$h1618
=CAT  \\$aIPL-CLA$c20130930$lBLL01$h1748
=CAT  \\$aBATCH-CLA$b00$c20131202$lBLL01$h0327
=CAT  \\$aIPL-CLA$c20140101$lBLL01$h0009
=CAT  \\$aBATCH-CLA$b00$c20140327$lBLL01$h1828
=CAT  \\$aIPL-CLA$c20140331$lBLL01$h1630
=CAT  \\$aBATCH-UPD$b00$c20170311$lBLL01$h1721
=CAT  \\$aBATCH-UPD$b00$c20220122$lBLL01$h1748
=CAT  \\$aBATCH-CLA$b00$c20220123$lBLL01$h0102
=CAT  \\$aW2308-1659$c20230923$lBLL01$h0928
=CAT  \\$aBATCH-CLA$b00$c20230924$lBLL01$h0649
=CFI  0\$aBritish Library not licensed to copy$c0$e01-apr-2014$hC$iCFP Excluded$5Uk
=FIN  \\$aY$d20061016
=FMT  \\$a  BK
=LAS  \\$aBATCH-CLA$b00$c20230924$lBLL01$h0649
=SID  \\$aZ39$bOCLC
=TCO  \\$aTRS$bCCC$c008

