=LDR  02389 am a22005777a 4500
=001  013576746
=003  Uk
=005  20061018094255.0
=008  060918s2006\\\\maua\\\\\b\\\\000\0\eng\d
=040  \\$aUk$beng$cUk
=100  1\$aTrajtenberg, Manuel.
=245  15$aThe "names game" :$bharnessing inventors' patent data for economic research /$cManuel Trajtenberg, Gil Shiff, Ran Melamed.
=260  \\$aCambridge, Mass. :$bNational Bureau of Economic Research,$cc2006.
=300  \\$a75 p. :$bill. ;$c22 cm.
=336  \\$atext$2rdacontent
=337  \\$aunmediated$2rdamedia
=338  \\$avolume$2rdacarrier
=490  1\$aNBER working paper series ;$vno. 12479
=500  \\$a"August 2006."
=504  \\$aIncludes bibliographical references (p. 54-55).
=540  \\$aBritish Library not licensed to copy$c0$5Uk
=650  \0$aInventors$xResearch$xStatistical methods.
=700  1\$aShiff, Gil.
=700  1\$aMelamed, Ran.
=710  2\$aNational Bureau of Economic Research.
=830  \0$aWorking paper series (National Bureau of Economic Research) ;$vworking paper no. 12479.
=852  41$aBritish Library$bDSC$j6067.719500$i12479
=856  41$uhttp://www.nber.org/papers/W12479.pdf$zClick here to download PDF file
=985  \\$aCorrected by BSS-generated file
=ACF  \\$aBritish Library not licensed to copy$c0$e01-oct-2013$hC$iCFP Excluded$5Uk
=CAT  \\$a6098$b40$c20061016$lBLL01$h1342
=CAT  \\$a11250$b40$c20061018$lBLL01$h0942
=CAT  \\$aBLSS-CORR$b00$c20080705$lBLL01$h2205
=CAT  \\$aBATCH-CLA$b00$c20130527$lBLL01$h0130
=CAT  \\$aBATCH-CLA$b00$c20130630$lBLL01$h1629
=CAT  \\$aIPL-CLA$c20130701$lBLL01$h0102
=CAT  \\$aBATCH-CLA$b00$c20130702$lBLL01$h0201
=CAT  \\$aBATCH-CLA$b00$c20130929$lBLL01$h1618
=CAT  \\$aIPL-CLA$c20130930$lBLL01$h1748
=CAT  \\$aBATCH-CLA$b00$c20131202$lBLL01$h0327
=CAT  \\$aIPL-CLA$c20140101$lBLL01$h0009
=CAT  \\$aBATCH-CLA$b00$c20140327$lBLL01$h1828
=CAT  \\$aIPL-CLA$c20140331$lBLL01$h1630
=CAT  \\$aBATCH-UPD$b00$c20180808$lBLL01$h1721
=CFI  0\$aBritish Library not licensed to copy$c0$e01-apr-2014$hC$iCFP Excluded$5Uk
=CFI  2\$aBritish Library not licensed to copy$c0$e01-jan-2014$hC$iCFP Excluded$5Uk
=FIN  \\$aY$d20061018
=FMT  \\$a  BK
=LAS  \\$aBATCH-UPD$b00$c20180808$lBLL01$h1721
=SID  \\$aZ39$bOCLC
=TCO  \\$aTRS$bCCC$c008

