=LDR  02283cam a22005537a 4500
=001  013576854
=003  Uk
=005  20211218013850.0
=008  060918s2006\\\\maua\\\\\b\\\\000\0\eng\d
=040  \\$aUk$beng$cUk
=043  \\$an-us---
=100  1\$aHouse, Christopher L.
=245  10$aTemporary investment tax incentives :$btheory with evidence from bonus depreciation /$cChristopher House, Matthew D. Shapiro.
=260  \\$aCambridge, Mass. :$bNational Bureau of Economic Research,$cc2006.
=300  \\$a42, [14] p. :$bill. ;$c22 cm.
=336  \\$atext$2rdacontent
=337  \\$aunmediated$2rdamedia
=338  \\$avolume$2rdacarrier
=490  1\$aNBER working paper series ;$vno. 12514
=500  \\$a"September 2006."
=504  \\$aIncludes bibliographical references (p. 36-38).
=540  \\$aBritish Library not licensed to copy$c0$5Uk
=650  \0$aCapital investments$xEconometric models.
=700  1\$aShapiro, Matthew D.$q(Matthew David).
=710  2\$aNational Bureau of Economic Research.
=830  \0$aWorking paper series (National Bureau of Economic Research) ;$vworking paper no. 12514.
=852  41$aBritish Library$bDSC$j6067.719500$i12514
=856  41$uhttp://www.nber.org/papers/W12514.pdf$zClick here to download PDF file
=ACF  \\$aBritish Library not licensed to copy$c0$e01-oct-2013$hC$iCFP Excluded$5Uk
=CAT  \\$a6098$b40$c20061016$lBLL01$h1437
=CAT  \\$a11250$b40$c20061018$lBLL01$h0937
=CAT  \\$aBATCH-CLA$b00$c20130527$lBLL01$h0130
=CAT  \\$aBATCH-CLA$b00$c20130630$lBLL01$h1629
=CAT  \\$aIPL-CLA$c20130701$lBLL01$h0102
=CAT  \\$aBATCH-CLA$b00$c20130702$lBLL01$h0201
=CAT  \\$aBATCH-CLA$b00$c20130929$lBLL01$h1618
=CAT  \\$aIPL-CLA$c20130930$lBLL01$h1748
=CAT  \\$aBATCH-CLA$b00$c20131202$lBLL01$h0327
=CAT  \\$aIPL-CLA$c20140101$lBLL01$h0009
=CAT  \\$aBATCH-CLA$b00$c20140327$lBLL01$h1828
=CAT  \\$aIPL-CLA$c20140331$lBLL01$h1630
=CAT  \\$aBATCH-UPD$b00$c20211217$lBLL01$h2052
=CAT  \\$aBATCH-CLA$b00$c20211218$lBLL01$h0138
=CFI  0\$aBritish Library not licensed to copy$c0$e01-apr-2014$hC$iCFP Excluded$5Uk
=FIN  \\$aY$d20061018
=FMT  \\$a  BK
=LAS  \\$aBATCH-CLA$b00$c20211218$lBLL01$h0138
=SID  \\$aZ39$bOCLC
=TCO  \\$aTRS$bCCC$c008

