=LDR  02320 am a22005657a 4500
=001  013576915
=003  Uk
=005  20061018093157.0
=008  060927s2006\\\\mauab\\\\b\\\\000\0\eng\d
=040  \\$aUk$beng$cUk
=043  \\$as-cl---
=100  1\$aBaland, Jean-Marie.
=245  10$aLand and power :$btheory and evidence from Chile /$cJean-Marie Baland, James A. Robinson.
=260  \\$aCambridge, Mass. :$bNational Bureau of Economic Research,$cc2006.
=300  \\$a42, [11] p. :$bill., 1 map ;$c22 cm.
=336  \\$atext$2rdacontent
=337  \\$aunmediated$2rdamedia
=338  \\$avolume$2rdacarrier
=490  1\$aNBER working paper series ;$vno. 12517
=500  \\$a"September 2006."
=504  \\$aIncludes bibliographical references (p. 37-41)
=540  \\$aBritish Library not licensed to copy$c0$5Uk
=650  \0$aVoting$xBehavior$zChile$xMathematical models.
=651  \0$aChile$xEmployment$xPolitical aspects$xMathematical models.
=700  1\$aRobinson, James A.,$d1960-
=710  2\$aNational Bureau of Economic Research.
=830  \0$aWorking paper series (National Bureau of Economic Research) ;$vworking paper no. 12517.
=852  41$aBritish Library$bDSC$j6067.719500$i12517
=856  41$uhttp://www.nber.org/papers/W12517.pdf$zClick here to download PDF file
=ACF  \\$aBritish Library not licensed to copy$c0$e01-oct-2013$hC$iCFP Excluded$5Uk
=CAT  \\$a6098$b40$c20061016$lBLL01$h1527
=CAT  \\$a11250$b40$c20061018$lBLL01$h0931
=CAT  \\$aBATCH-CLA$b00$c20130527$lBLL01$h0130
=CAT  \\$aBATCH-CLA$b00$c20130630$lBLL01$h1629
=CAT  \\$aIPL-CLA$c20130701$lBLL01$h0102
=CAT  \\$aBATCH-CLA$b00$c20130702$lBLL01$h0201
=CAT  \\$aBATCH-CLA$b00$c20130929$lBLL01$h1618
=CAT  \\$aIPL-CLA$c20130930$lBLL01$h1748
=CAT  \\$aBATCH-CLA$b00$c20131202$lBLL01$h0327
=CAT  \\$aIPL-CLA$c20140101$lBLL01$h0009
=CAT  \\$aBATCH-CLA$b00$c20140327$lBLL01$h1828
=CAT  \\$aIPL-CLA$c20140331$lBLL01$h1630
=CAT  \\$aBATCH-UPD$b00$c20190612$lBLL01$h2021
=CAT  \\$aBATCH-CLA$b00$c20190613$lBLL01$h0107
=CFI  0\$aBritish Library not licensed to copy$c0$e01-apr-2014$hC$iCFP Excluded$5Uk
=FIN  \\$aY$d20061018
=FMT  \\$a  BK
=LAS  \\$aBATCH-CLA$b00$c20190613$lBLL01$h0107
=SID  \\$aZ39$bOCLC
=TCO  \\$aTRS$bCCC$c008

