=LDR  02639cam a22006497a 4500
=001  013605971
=003  Uk
=005  20230924064905.0
=007  cr\cn|||||||||
=008  061024s2006\\\\maua\\\\\b\\\\000\0\eng\d
=035  \\$a(OCoLC)74282261
=040  \\$aIUL$cIUL$dGZM$dIUL
=100  1\$aFarhi, Emmanuel.
=245  10$aProgressive estate taxation /$cEmmanuel Farhi, Iván Werning.
=260  \\$aCambridge, Mass. :$bNational Bureau of Economic Research,$cc2006.
=300  \\$a38 p. :$bill. ;$c22 cm.
=336  \\$atext$2rdacontent
=337  \\$acomputer$2rdamedia
=338  \\$aonline resource$2rdacarrier
=490  1\$aNBER working paper series ;$vno. 12600
=500  \\$a"October 2006"
=504  \\$aIncludes bibliographical references (p. 38).
=530  \\$aAlso available in PDF from the NBER world wide web site (www.nber.org).
=540  \\$aBritish Library not licensed to copy$c0$5Uk
=650  \0$aInheritance and transfer tax$xEconometric models.
=700  1\$aWerning, Iván.
=710  2\$aNational Bureau of Economic Research.
=830  \0$aWorking paper series (National Bureau of Economic Research) ;$vworking paper no. 12600.
=852  41$aBritish Library$bDSC$j6067.719500$ino. 12600
=856  41$uhttp://www.nber.org/papers/W12600.pdf$zClick here to download PDF file
=985  \\$aProvisional record - DSC
=ACF  \\$aBritish Library not licensed to copy$c0$e01-oct-2013$hC$iCFP Excluded$5Uk
=CAT  \\$a7164$b40$c20061120$lBLL01$h1429
=CAT  \\$aBATCH-CLA$b00$c20130527$lBLL01$h0130
=CAT  \\$aBATCH-CLA$b00$c20130630$lBLL01$h1629
=CAT  \\$aIPL-CLA$c20130701$lBLL01$h0103
=CAT  \\$aBATCH-CLA$b00$c20130702$lBLL01$h0201
=CAT  \\$aBATCH-CLA$b00$c20130929$lBLL01$h1618
=CAT  \\$aIPL-CLA$c20130930$lBLL01$h1749
=CAT  \\$aBATCH-CLA$b00$c20131202$lBLL01$h0328
=CAT  \\$aIPL-CLA$c20140101$lBLL01$h0011
=CAT  \\$aBATCH-CLA$b00$c20140327$lBLL01$h1828
=CAT  \\$aIPL-CLA$c20140331$lBLL01$h1630
=CAT  \\$aBATCH-UPD$b00$c20150214$lBLL01$h1807
=CAT  \\$aBATCH-CLA$b00$c20150215$lBLL01$h0033
=CAT  \\$aBATCH-UPD$b00$c20200927$lBLL01$h2053
=CAT  \\$aBATCH-CLA$b00$c20200928$lBLL01$h0102
=CAT  \\$aBATCH-UPD$b00$c20220212$lBLL01$h1736
=CAT  \\$aBATCH-CLA$b00$c20220213$lBLL01$h0103
=CAT  \\$aW2308-1659$c20230923$lBLL01$h1031
=CAT  \\$aBATCH-CLA$b00$c20230924$lBLL01$h0649
=CFI  0\$aBritish Library not licensed to copy$c0$e01-apr-2014$hC$iCFP Excluded$5Uk
=FIN  \\$aY$d20061120
=FMT  \\$a  BK
=LAS  \\$aBATCH-CLA$b00$c20230924$lBLL01$h0649
=SID  \\$aZ39$bOCLC
=TCO  \\$aTRS$bCCC$c008

