=LDR  02504cam a22006137a 4500
=001  013606452
=003  Uk
=005  20230924064905.0
=007  cr\bn|||||||||
=008  061115s2006\\\\mau\\\\\\b\\\\000\0\eng\d
=035  \\$a(OCoLC)76065243
=040  \\$aIUL$cIUL$dGZM
=100  1\$aDoepke, Matthias.
=245  10$aOrigins and consequences of child labor restrictions :$ba macroeconomic perspective /$cMatthias Doepke, Dirk Krueger.
=260  \\$aCambridge, Mass. :$bNational Bureau of Economic Research,$cc2006.
=300  \\$a48 p. ;$c22 cm.
=336  \\$atext$2rdacontent
=337  \\$acomputer$2rdamedia
=338  \\$aonline resource$2rdacarrier
=490  1\$aNBER working paper series ;$vno. 12665
=500  \\$a"November 2006"
=504  \\$aIncludes bibliographical references (p. 43-44).
=530  \\$aAlso available in PDF from the NBER world wide web site (www.nber.org).
=540  \\$aBritish Library not licensed to copy$c0$5Uk
=650  \0$aChild labor$xGovernment policy.
=650  \0$aChild labor$xLaw and legislation.
=700  1\$aKrueger, Dirk.
=710  2\$aNational Bureau of Economic Research.
=830  \0$aWorking paper series (National Bureau of Economic Research) ;$vworking paper no. 12665.
=852  41$aBritish Library$bDSC$j6067.719500$ino. 12665
=856  41$uhttp://www.nber.org/papers/W12665.pdf$zClick here to download PDF file
=985  \\$aProvisional record - DSC
=ACF  \\$aBritish Library not licensed to copy$c0$e01-oct-2013$hC$iCFP Excluded$5Uk
=CAT  \\$a7164$b40$c20061121$lBLL01$h0741
=CAT  \\$aBATCH-CLA$b00$c20130527$lBLL01$h0130
=CAT  \\$aBATCH-CLA$b00$c20130630$lBLL01$h1629
=CAT  \\$aIPL-CLA$c20130701$lBLL01$h0103
=CAT  \\$aBATCH-CLA$b00$c20130702$lBLL01$h0201
=CAT  \\$aBATCH-CLA$b00$c20130929$lBLL01$h1618
=CAT  \\$aIPL-CLA$c20130930$lBLL01$h1749
=CAT  \\$aBATCH-CLA$b00$c20131202$lBLL01$h0328
=CAT  \\$aIPL-CLA$c20140101$lBLL01$h0011
=CAT  \\$aBATCH-CLA$b00$c20140327$lBLL01$h1828
=CAT  \\$aIPL-CLA$c20140331$lBLL01$h1630
=CAT  \\$aBATCH-UPD$b00$c20190421$lBLL01$h2044
=CAT  \\$aBATCH-CLA$b00$c20190422$lBLL01$h0102
=CAT  \\$aW2308-1659$c20230923$lBLL01$h1031
=CAT  \\$aBATCH-CLA$b00$c20230924$lBLL01$h0649
=CFI  0\$aBritish Library not licensed to copy$c0$e01-apr-2014$hC$iCFP Excluded$5Uk
=FIN  \\$aY$d20061121
=FMT  \\$a  BK
=LAS  \\$aBATCH-CLA$b00$c20230924$lBLL01$h0649
=SID  \\$aZ39$bOCLC
=TCO  \\$aTRS$bCCC$c008

