=LDR  02689cam a22006497a 4500
=001  013606659
=003  Uk
=005  20230924064905.0
=007  cr\mn|||||||||
=008  061108s2006\\\\maua\\\\\b\\\\000\0\eng\d
=035  \\$a(OCoLC)75419840
=040  \\$aIUL$cIUL$dGZM
=043  \\$an-us---
=100  1\$aKaushal, Neeraj.
=245  10$aWelfare reform and family expenditures :$bhow are single mothers adapting to the new welfare and work regime? /$cNeeraj Kaushal, Qin Gao, Jane Waldfogel.
=260  \\$aCambridge, Mass. :$bNational Bureau of Economic Research,$cc2006.
=300  \\$a39 p. :$bill. ;$c22 cm.
=336  \\$atext$2rdacontent
=337  \\$acomputer$2rdamedia
=338  \\$aonline resource$2rdacarrier
=490  1\$aNBER working paper series ;$vno. 12624
=500  \\$a"October 2006"
=504  \\$aIncludes bibliographical references (p. 27-28).
=530  \\$aAlso available in PDF from the NBER world wide web site (www.nber.org).
=540  \\$aBritish Library not licensed to copy$c0$5Uk
=650  \0$aPublic welfare$zUnited States.
=650  \0$aSingle mothers$zUnited States$xEconomic conditions.
=650  \0$aPoor families$zUnited States$xEconomic conditions.
=700  1\$aGao, Qin.
=700  1\$aWaldfogel, Jane.
=710  2\$aNational Bureau of Economic Research.
=830  \0$aWorking paper series (National Bureau of Economic Research) ;$vworking paper no. 12624.
=852  41$aBritish Library$bDSC$j6067.719500$ino. 12624 (2006)
=856  41$uhttp://www.nber.org/papers/W12624.pdf$zClick here to download PDF file
=985  \\$aProvisional record - DSC
=ACF  \\$aBritish Library not licensed to copy$c0$e01-oct-2013$hC$iCFP Excluded$5Uk
=CAT  \\$a8411$b40$c20061121$lBLL01$h1109
=CAT  \\$aBATCH-CLA$b00$c20130527$lBLL01$h0130
=CAT  \\$aBATCH-CLA$b00$c20130630$lBLL01$h1629
=CAT  \\$aIPL-CLA$c20130701$lBLL01$h0103
=CAT  \\$aBATCH-CLA$b00$c20130702$lBLL01$h0201
=CAT  \\$aBATCH-CLA$b00$c20130929$lBLL01$h1618
=CAT  \\$aIPL-CLA$c20130930$lBLL01$h1749
=CAT  \\$aBATCH-CLA$b00$c20131202$lBLL01$h0328
=CAT  \\$aIPL-CLA$c20140101$lBLL01$h0011
=CAT  \\$aBATCH-CLA$b00$c20140327$lBLL01$h1828
=CAT  \\$aIPL-CLA$c20140331$lBLL01$h1630
=CAT  \\$aBATCH-UPD$b00$c20190923$lBLL01$h2029
=CAT  \\$aBATCH-CLA$b00$c20190924$lBLL01$h0106
=CAT  \\$aW2308-1659$c20230923$lBLL01$h1031
=CAT  \\$aBATCH-CLA$b00$c20230924$lBLL01$h0649
=CFI  0\$aBritish Library not licensed to copy$c0$e01-apr-2014$hC$iCFP Excluded$5Uk
=FIN  \\$aY$d20061121
=FMT  \\$a  BK
=LAS  \\$aBATCH-CLA$b00$c20230924$lBLL01$h0649
=SID  \\$aZ39$bOCLC
=TCO  \\$aTRS$bCCC$c008

