=LDR  02732cam a22006377a 4500
=001  013606667
=003  Uk
=005  20230924064906.0
=007  cr\bn|||||||||
=008  061101s2006\\\\mau\\\\\\b\\\\000\0\eng\d
=035  \\$a(OCoLC)74811261
=040  \\$aUPM$cUPM$dGZM
=050  14$aHB1$b.W654 no. 12623
=100  1\$aAfendulis, Christopher C.$q(Christopher Constantine)
=245  10$aTradeoffs from integrating diagnosis and treatments in markets for health care /$cChristopher C. Afendulis, Daniel P. Kessler.
=260  \\$aCambridge, Mass. :$bNational Bureau of Economic Research,$cc2006.
=300  \\$a18, [1] p. ;$c22 cm.
=336  \\$atext$2rdacontent
=337  \\$acomputer$2rdamedia
=338  \\$aonline resource$2rdacarrier
=490  1\$aNBER working paper series ;$vworking paper 12623
=500  \\$a"October 2006."
=504  \\$aIncludes bibliographical references (p. 16).
=530  \\$aAlso available in PDF from the NBER World Wide Web site (www.nber.org).
=540  \\$aBritish Library not licensed to copy$c0$5Uk
=650  \0$aCoronary heart disease$xDiagnosis$xEconomic aspects$zUnited States.
=650  \0$aCoronary heart disease$xTreatment$xEconomic aspects$zUnited States.
=650  \0$aMedical care, Cost of$zUnited States.
=700  1\$aKessler, Daniel P.
=710  2\$aNational Bureau of Economic Research.
=830  \0$aWorking paper series (National Bureau of Economic Research) ;$vworking paper no. 12623.
=852  41$aBritish Library$bDSC$j6067.719500$ino. 12623 (2006)
=856  41$uhttp://www.nber.org/papers/W12623.pdf$zClick here to download PDF file
=985  \\$aProvisional record - DSC
=ACF  \\$aBritish Library not licensed to copy$c0$e01-oct-2013$hC$iCFP Excluded$5Uk
=CAT  \\$a8411$b40$c20061121$lBLL01$h1114
=CAT  \\$aBATCH-CLA$b00$c20130527$lBLL01$h0130
=CAT  \\$aBATCH-CLA$b00$c20130630$lBLL01$h1629
=CAT  \\$aIPL-CLA$c20130701$lBLL01$h0103
=CAT  \\$aBATCH-CLA$b00$c20130702$lBLL01$h0201
=CAT  \\$aBATCH-CLA$b00$c20130929$lBLL01$h1618
=CAT  \\$aIPL-CLA$c20130930$lBLL01$h1749
=CAT  \\$aBATCH-CLA$b00$c20131202$lBLL01$h0328
=CAT  \\$aIPL-CLA$c20140101$lBLL01$h0011
=CAT  \\$aBATCH-CLA$b00$c20140327$lBLL01$h1828
=CAT  \\$aIPL-CLA$c20140331$lBLL01$h1630
=CAT  \\$aBATCH-UPD$b00$c20211217$lBLL01$h2052
=CAT  \\$aBATCH-CLA$b00$c20211218$lBLL01$h0138
=CAT  \\$aW2308-1659$c20230923$lBLL01$h1031
=CAT  \\$aBATCH-CLA$b00$c20230924$lBLL01$h0649
=CFI  0\$aBritish Library not licensed to copy$c0$e01-apr-2014$hC$iCFP Excluded$5Uk
=FIN  \\$aY$d20061121
=FMT  \\$a  BK
=LAS  \\$aBATCH-CLA$b00$c20230924$lBLL01$h0649
=SID  \\$aZ39$bOCLC
=TCO  \\$aTRS$bCCC$c008

