=LDR  02606cam a22006377a 4500
=001  013606789
=003  Uk
=005  20230924064906.0
=007  cr\mn|||||||||
=008  061011s2006\\\\maua\\\\\b\\\\000\0\eng\d
=035  \\$a(OCoLC)72555715
=040  \\$aIUL$cIUL$dGZM
=043  \\$an-us---
=100  1\$aNieuwerburgh, Stijn van.
=245  10$aWhy has house price dispersion gone up? /$cStijn Van Nieuwerburgh, Pierre-Olivier Weill.
=260  \\$aCambridge, Mass. :$bNational Bureau of Economic Research,$cc2006.
=300  \\$a54 p. :$bill. ;$c22 cm.
=336  \\$atext$2rdacontent
=337  \\$acomputer$2rdamedia
=338  \\$aonline resource$2rdacarrier
=490  1\$aNBER working paper series ;$vno. 12538
=500  \\$a"September 2006"
=504  \\$aIncludes bibliographical references (p. 36-39).
=530  \\$aAlso available in PDF from the NBER world wide web site (www.nber.org).
=540  \\$aBritish Library not licensed to copy$c0$5Uk
=650  \0$aHousing$xPrices$zUnited States$xEconometric models.
=700  1\$aWeill, Pierre-Olivier.
=710  2\$aNational Bureau of Economic Research.
=830  \0$aWorking paper series (National Bureau of Economic Research) ;$vworking paper no. 12538.
=852  41$aBritish Library$bDSC$j6067.719500$ino. 12538 (2006)
=856  41$uhttp://www.nber.org/papers/W12538.pdf$zClick here to download PDF file
=985  \\$aProvisional record - DSC
=ACF  \\$aBritish Library not licensed to copy$c0$e01-oct-2013$hC$iCFP Excluded$5Uk
=CAT  \\$a8411$b40$c20061121$lBLL01$h1202
=CAT  \\$aBATCH-CLA$b00$c20130527$lBLL01$h0130
=CAT  \\$aBATCH-CLA$b00$c20130630$lBLL01$h1629
=CAT  \\$aIPL-CLA$c20130701$lBLL01$h0103
=CAT  \\$aBATCH-CLA$b00$c20130702$lBLL01$h0201
=CAT  \\$aBATCH-UPD$b00$c20130722$lBLL01$h1351
=CAT  \\$aBATCH-UPD$b00$c20130722$lBLL01$h1353
=CAT  \\$aBATCH-CLA$b00$c20130929$lBLL01$h1618
=CAT  \\$aIPL-CLA$c20130930$lBLL01$h1749
=CAT  \\$aBATCH-CLA$b00$c20131202$lBLL01$h0328
=CAT  \\$aIPL-CLA$c20140101$lBLL01$h0011
=CAT  \\$aBATCH-CLA$b00$c20140327$lBLL01$h1829
=CAT  \\$aIPL-CLA$c20140331$lBLL01$h1630
=CAT  \\$aBATCH-UPD$b00$c20200721$lBLL01$h2017
=CAT  \\$aBATCH-CLA$b00$c20200722$lBLL01$h0122
=CAT  \\$aW2308-1659$c20230923$lBLL01$h1031
=CAT  \\$aBATCH-CLA$b00$c20230924$lBLL01$h0649
=CFI  0\$aBritish Library not licensed to copy$c0$e01-apr-2014$hC$iCFP Excluded$5Uk
=FIN  \\$aY$d20061121
=FMT  \\$a  BK
=LAS  \\$aBATCH-CLA$b00$c20230924$lBLL01$h0649
=SID  \\$aZ39$bOCLC
=TCO  \\$aTRS$bCCC$c008

