=LDR  02260cam a22005417a 4500
=001  013610561
=003  Uk
=005  20230924064907.0
=006  m\\\\\\\\d\\\\\\\\
=007  cr\cn|||||||||
=008  061108s2006\\\\mau\\\\\sb\\\\000\0\eng\d
=035  \\$a(OCoLC)75394912
=040  \\$aOUN$cOUN
=100  1\$aMueller, Ulrich.
=245  10$aTesting models of low-frequency variability$h[electronic resource] /$cUlrich Mueller, Mark W. Watson.
=260  \\$aCambridge, Mass. :$bNational Bureau of Economic Research,$c2006.
=300  \\$a1 v.
=336  \\$atext$2rdacontent
=337  \\$acomputer$2rdamedia
=338  \\$aonline resource$2rdacarrier
=490  1\$aNBER working paper paper series ;$vno. 12671
=504  \\$aIncludes bibliographical references.
=533  \\$aElectronic reproduction.$bCambridge, Mass. :$cNational Bureau of Economic Research.$nMode of access: World Wide Web; may require Adobe Acrobat Reader.
=540  \\$aBritish Library not licensed to copy$c0$5Uk
=650  \0$aTime-series analysis$xMathematical models.
=700  1\$aWatson, Mark W.
=710  2\$aNational Bureau of Economic Research.
=830  \0$aWorking paper series (National Bureau of Economic Research) ;$vno. 12671.
=852  41$aBritish Library$bDSC$j6067.719500$ino. 12671 (2006)
=856  4\$uhttp://papers.nber.org/papers/12671$zAn electronic book accessible through the World Wide Web; click for information
=985  \\$aProvisional record - DSC
=CAT  \\$a8411$b40$c20061124$lBLL01$h1033
=CAT  \\$aBATCH-UPD$b40$c20101031$lBLL01$h2356
=CAT  \\$aBATCH-UPD$b40$c20110905$lBLL01$h1157
=CAT  \\$aBATCH-UPD$b40$c20120823$lBLL01$h2117
=CAT  \\$aBATCH-CLA$b00$c20130702$lBLL01$h0201
=CAT  \\$aBATCH-CLA$b00$c20131202$lBLL01$h0328
=CAT  \\$aIPL-CLA$c20140101$lBLL01$h0011
=CAT  \\$aBATCH-UPD$b00$c20211217$lBLL01$h2052
=CAT  \\$aBATCH-CLA$b00$c20211218$lBLL01$h0138
=CAT  \\$aW2308-1659$c20230923$lBLL01$h1032
=CAT  \\$aBATCH-CLA$b00$c20230924$lBLL01$h0649
=CFI  0\$aBritish Library not licensed to copy$c0$e01-apr-2014$hC$iCFP Excluded$5Uk
=FIN  \\$aY$d20061124
=FMT  \\$a  BK
=LAS  \\$aBATCH-CLA$b00$c20230924$lBLL01$h0649
=SID  \\$aZ39$bOCLC
=TCO  \\$aTRS$bCCC$c008

