=LDR  02531cam a22006257a 4500
=001  013610740
=003  Uk
=005  20230924064907.0
=007  cr\mn|||||||||
=008  061107s2006\\\\maua\\\\\b\\\\000\0\eng\d
=035  \\$a(OCoLC)75305700
=040  \\$aIUL$cIUL$dGZM
=100  1\$aPiazzesi, Monika.
=245  10$aEquilibrium yield curves /$cMonika Piazzesi, Martin Schneider.
=260  \\$aCambridge, Mass. :$bNational Bureau of Economic Research,$cc2006.
=300  \\$a59 p. :$bill. ;$c22 cm.
=336  \\$atext$2rdacontent
=337  \\$acomputer$2rdamedia
=338  \\$aonline resource$2rdacarrier
=490  1\$aNBER working paper series ;$vno. 12609
=500  \\$a"October 2006"
=504  \\$aIncludes bibliographical references (p. 47-49).
=530  \\$aAlso available in PDF from the NBER world wide web site (www.nber.org).
=540  \\$aBritish Library not licensed to copy$c0$5Uk
=650  \0$aInflation (Finance)
=650  \0$aBusiness cycles$xEconometric models.
=700  1\$aSchneider, Martin$c(Professor of economics)
=710  2\$aNational Bureau of Economic Research.
=830  \0$aWorking paper series (National Bureau of Economic Research) ;$vworking paper no. 12609.
=852  41$aBritish Library$bDSC$j6067.719500$ino. 12609 (2006)
=856  41$uhttp://www.nber.org/papers/W12609.pdf$zClick here to download PDF file
=985  \\$aProvisional record - DSC
=ACF  \\$aBritish Library not licensed to copy$c0$e01-oct-2013$hC$iCFP Excluded$5Uk
=CAT  \\$a8411$b40$c20061124$lBLL01$h1202
=CAT  \\$aBATCH-CLA$b00$c20130527$lBLL01$h0130
=CAT  \\$aBATCH-CLA$b00$c20130630$lBLL01$h1629
=CAT  \\$aIPL-CLA$c20130701$lBLL01$h0103
=CAT  \\$aBATCH-CLA$b00$c20130702$lBLL01$h0201
=CAT  \\$aBATCH-CLA$b00$c20130929$lBLL01$h1618
=CAT  \\$aIPL-CLA$c20130930$lBLL01$h1749
=CAT  \\$aBATCH-CLA$b00$c20131202$lBLL01$h0328
=CAT  \\$aIPL-CLA$c20140101$lBLL01$h0011
=CAT  \\$aBATCH-CLA$b00$c20140327$lBLL01$h1829
=CAT  \\$aIPL-CLA$c20140331$lBLL01$h1630
=CAT  \\$a5100$b40$c20140624$lBLL01$h0913
=CAT  \\$aBATCH-UPD$b40$c20140624$lBLL01$h0913
=CAT  \\$aBATCH-UPD$b40$c20180620$lBLL01$h1700
=CAT  \\$aW2308-1659$c20230923$lBLL01$h1032
=CAT  \\$aBATCH-CLA$b00$c20230924$lBLL01$h0649
=CFI  0\$aBritish Library not licensed to copy$c0$e01-apr-2014$hC$iCFP Excluded$5Uk
=FIN  \\$aY$d20061124
=FMT  \\$a  BK
=LAS  \\$aBATCH-CLA$b00$c20230924$lBLL01$h0649
=SID  \\$aZ39$bOCLC
=TCO  \\$aTRS$bCCC$c008

