=LDR  02692cam a22006617a 4500
=001  013610850
=003  Uk
=005  20230924064907.0
=007  cr\mn|||||||||
=008  061023s2006\\\\maua\\\\\b\\\\000\0\eng\d
=035  \\$a(OCoLC)74174432
=040  \\$aIUL$cIUL$dIUL$dGZM
=043  \\$afs-----
=100  1\$aRodrik, Dani.
=245  10$aUnderstanding South Africa's economic puzzles /$cDani Rodrik.
=260  \\$aCambridge, Mass. :$bNational Bureau of Economic Research,$cc2006.
=300  \\$a54 p. :$bill. ;$c22 cm.
=336  \\$atext$2rdacontent
=337  \\$acomputer$2rdamedia
=338  \\$aonline resource$2rdacarrier
=490  1\$aNBER working paper series ;$vno. 12565
=500  \\$a"October 2006"
=504  \\$aIncludes bibliographical references (p. 26-27).
=530  \\$aAlso available in PDF from the NBER world wide web site (www.nber.org).
=540  \\$aBritish Library not licensed to copy$c0$5Uk
=650  \0$aUnemployment$zSouth Africa.
=651  \0$aSouth Africa$xEconomic conditions$y1991-$xEconometric models.
=710  2\$aNational Bureau of Economic Research.
=830  \0$aWorking paper series (National Bureau of Economic Research) ;$vworking paper no. 12565.
=852  41$aBritish Library$bDSC$j6067.719500$ino. 12565 (2006)
=856  41$uhttp://www.nber.org/papers/W12565.pdf$zClick here to download PDF file
=985  \\$aProvisional record - DSC
=ACF  \\$aBritish Library not licensed to copy$c0$e01-oct-2013$hC$iCFP Excluded$5Uk
=CAT  \\$a8411$b40$c20061124$lBLL01$h1348
=CAT  \\$aBATCH-CLA$b00$c20130527$lBLL01$h0130
=CAT  \\$aBATCH-CLA$b00$c20130630$lBLL01$h1629
=CAT  \\$aIPL-CLA$c20130701$lBLL01$h0103
=CAT  \\$aBATCH-CLA$b00$c20130702$lBLL01$h0201
=CAT  \\$aBATCH-CLA$b00$c20130929$lBLL01$h1618
=CAT  \\$aIPL-CLA$c20130930$lBLL01$h1749
=CAT  \\$aBATCH-CLA$b00$c20131202$lBLL01$h0328
=CAT  \\$aIPL-CLA$c20140101$lBLL01$h0011
=CAT  \\$aBATCH-CLA$b00$c20140327$lBLL01$h1829
=CAT  \\$aIPL-CLA$c20140331$lBLL01$h1630
=CAT  \\$aBATCH-UPD$b00$c20141008$lBLL01$h1747
=CAT  \\$aBATCH-CLA$b00$c20141009$lBLL01$h0037
=CAT  \\$aBATCH-UPD$b00$c20170817$lBLL01$h2109
=CAT  \\$aBATCH-CLA$b00$c20170818$lBLL01$h0108
=CAT  \\$aBATCH-UPD$b00$c20221207$lBLL01$h1026
=CAT  \\$aBATCH-CLA$b00$c20221208$lBLL01$h0106
=CAT  \\$aW2308-1659$c20230923$lBLL01$h1032
=CAT  \\$aBATCH-CLA$b00$c20230924$lBLL01$h0649
=CFI  0\$aBritish Library not licensed to copy$c0$e01-apr-2014$hC$iCFP Excluded$5Uk
=FIN  \\$aY$d20061124
=FMT  \\$a  BK
=LAS  \\$aBATCH-CLA$b00$c20230924$lBLL01$h0649
=SID  \\$aZ39$bOCLC
=TCO  \\$aTRS$bCCC$c008

