=LDR  02679cam a22006257a 4500
=001  013610857
=003  Uk
=005  20230924064908.0
=007  cr\bn|||||||||
=008  060918s2006\\\\maua\\\\\b\\\\000\0\eng\d
=035  \\$a(OCoLC)71340037
=040  \\$aIUL$cIUL$dIUL$dGZM
=100  1\$aCorsetti, Giancarlo.
=245  10$aProductivity, external balance and exchange rates :$bevidence on the transmission mechanism among G7 countries /$cGiancarlo Corsetti, Luca Dedola, Sylvain Leduc.
=260  \\$aCambridge, Mass. :$bNational Bureau of Economic Research,$cc2006.
=300  \\$a27, xiv, [24] p. :$bill. ;$c22 cm.
=336  \\$atext$2rdacontent
=337  \\$acomputer$2rdamedia
=338  \\$aonline resource$2rdacarrier
=490  1\$aNBER working paper series ;$vno. 12483
=500  \\$a"August 2006"
=504  \\$aIncludes bibliographical references (p. x-xiv).
=530  \\$aAlso available in PDF from the NBER world wide web site (www.nber.org).
=540  \\$aBritish Library not licensed to copy$c0$5Uk
=650  \0$aBalance of trade$zGroup of Seven countries$xEconometric models.
=651  \0$aGroup of Seven countries$xCommerce$xEconometric models.
=700  1\$aDedola, Luca,$d1967-
=700  1\$aLeduc, Sylvain,$d1969-
=710  2\$aNational Bureau of Economic Research.
=830  \0$aWorking paper series (National Bureau of Economic Research) ;$vworking paper no. 12483.
=852  41$aBritish Library$bDSC$j6067.719500$ino. 12483 (2006)
=856  41$uhttp://www.nber.org/papers/W12483.pdf$zClick here to download PDF file
=985  \\$aProvisional record - DSC
=ACF  \\$aBritish Library not licensed to copy$c0$e01-oct-2013$hC$iCFP Excluded$5Uk
=CAT  \\$a8411$b40$c20061124$lBLL01$h1354
=CAT  \\$aBATCH-CLA$b00$c20130527$lBLL01$h0130
=CAT  \\$aBATCH-CLA$b00$c20130630$lBLL01$h1629
=CAT  \\$aIPL-CLA$c20130701$lBLL01$h0103
=CAT  \\$aBATCH-CLA$b00$c20130702$lBLL01$h0201
=CAT  \\$aBATCH-CLA$b00$c20130929$lBLL01$h1618
=CAT  \\$aIPL-CLA$c20130930$lBLL01$h1749
=CAT  \\$aBATCH-CLA$b00$c20131202$lBLL01$h0328
=CAT  \\$aIPL-CLA$c20140101$lBLL01$h0011
=CAT  \\$aBATCH-CLA$b00$c20140327$lBLL01$h1829
=CAT  \\$aIPL-CLA$c20140331$lBLL01$h1630
=CAT  \\$aBATCH-UPD$b00$c20210327$lBLL01$h1720
=CAT  \\$aBATCH-CLA$b00$c20210328$lBLL01$h0601
=CAT  \\$aW2308-1659$c20230923$lBLL01$h1032
=CAT  \\$aBATCH-CLA$b00$c20230924$lBLL01$h0649
=CFI  0\$aBritish Library not licensed to copy$c0$e01-apr-2014$hC$iCFP Excluded$5Uk
=FIN  \\$aY$d20061124
=FMT  \\$a  BK
=LAS  \\$aBATCH-CLA$b00$c20230924$lBLL01$h0649
=SID  \\$aZ39$bOCLC
=TCO  \\$aTRS$bCCC$c008

