=LDR  03901cam a22006377a 4500
=001  013611186
=003  Uk
=005  20230924064908.0
=007  cr\mn|||||||||
=008  061023s2006\\\\maua\\\\\b\\\\000\0\eng\d
=035  \\$a(OCoLC)74174765
=040  \\$aIUL$cIUL$dGZM
=043  \\$an-us---$ae-uk---
=100  1\$aMeissner, Christopher M.$q(Christopher Michael)
=245  10$aLosing our marbles in the new century? :$bthe great rebalancing in historical perspective /$cChristopher M. Meissner, Alan M. Taylor.
=260  \\$aCambridge, Mass. :$bNational Bureau of Economic Research,$cc2006.
=300  \\$a56 p. :$bill. ;$c22 cm.
=336  \\$atext$2rdacontent
=337  \\$acomputer$2rdamedia
=338  \\$aonline resource$2rdacarrier
=490  1\$aNBER working paper series ;$vno. 12580
=500  \\$a"October 2006"
=504  \\$aIncludes bibliographical references (p. 32-34).
=520  3\$a"Great attention is now being paid to global imbalances, the growing U.S. current account deficit financed by growing surpluses in the rest of the world. How can the issue be understood in a more historical perspective? We seek a meaningful comparison between the two eras of globalization: "then" (the period 1870 to 1913) and "now" (the period since the 1970s). We look at the two hegemons in each era: Britain then, and the United States now. And adducing historical data to match what we know from the contemporary record, we proceed in the tradition of New Comparative Economic History to see what lessons the past might have for the present. We consider two of the most controversial and pressing questions in the current debate. First, are current imbalances being sustained, at least in part, by return differentials? And if so, is this reassuring? Second, how will adjustment take place? Will it be a hard or soft landing? Pessimistically, we find no historical evidence that return differentials last forever, even for hegemons. Optimistically, we find that adjustments to imbalances in the past have generally been smooth, even under a regime as hard as the gold standard"--National Bureau of Economic Research web site.
=530  \\$aAlso available in PDF from the NBER world wide web site (www.nber.org).
=540  \\$aBritish Library not licensed to copy$c0$5Uk
=650  \0$aGlobalization$zUnited States$xHistory$xMathematical models.
=650  \0$aGlobalization$zGreat Britain$xHistory$xMathematical models.
=700  1\$aTaylor, Alan M.,$d1964-
=710  2\$aNational Bureau of Economic Research.
=830  \0$aWorking paper series (National Bureau of Economic Research) ;$vworking paper no. 12580.
=852  41$aBritish Library$bDSC$j6067.719500$ino. 12580
=856  41$uhttp://www.nber.org/papers/W12580.pdf$zClick here to download PDF file
=985  \\$aProvisional record - DSC
=ACF  \\$aBritish Library not licensed to copy$c0$e01-oct-2013$hC$iCFP Excluded$5Uk
=CAT  \\$a7164$b40$c20061127$lBLL01$h0834
=CAT  \\$aBATCH-CLA$b00$c20130527$lBLL01$h0130
=CAT  \\$aBATCH-CLA$b00$c20130630$lBLL01$h1629
=CAT  \\$aIPL-CLA$c20130701$lBLL01$h0103
=CAT  \\$aBATCH-CLA$b00$c20130702$lBLL01$h0201
=CAT  \\$aBATCH-CLA$b00$c20130929$lBLL01$h1618
=CAT  \\$aIPL-CLA$c20130930$lBLL01$h1749
=CAT  \\$aBATCH-CLA$b00$c20131202$lBLL01$h0328
=CAT  \\$aIPL-CLA$c20140101$lBLL01$h0011
=CAT  \\$aBATCH-CLA$b00$c20140327$lBLL01$h1829
=CAT  \\$aIPL-CLA$c20140331$lBLL01$h1630
=CAT  \\$aBATCH-UPD$b00$c20211217$lBLL01$h2053
=CAT  \\$aBATCH-CLA$b00$c20211218$lBLL01$h0138
=CAT  \\$aW2308-1659$c20230923$lBLL01$h1032
=CAT  \\$aBATCH-CLA$b00$c20230924$lBLL01$h0649
=CFI  0\$aBritish Library not licensed to copy$c0$e01-apr-2014$hC$iCFP Excluded$5Uk
=FIN  \\$aY$d20061127
=FMT  \\$a  BK
=LAS  \\$aBATCH-CLA$b00$c20230924$lBLL01$h0649
=SID  \\$aZ39$bOCLC
=TCO  \\$aTRS$bCCC$c008

