=LDR  02562cam a22006257a 4500
=001  013635332
=003  Uk
=005  20230924064908.0
=007  cr\mn|||||||||
=008  061121s2006\\\\maua\\\\\b\\\\000\0\eng\d
=035  \\$a(OCoLC)76766869
=040  \\$aIUL$cIUL$dIUL$dGZM
=100  1\$aGinther, Donna K.
=245  10$aDoes science promote women? :$bevidence from academia 1973-2001 /$cDonna K. Ginther, Shulamit Kahn.
=260  \\$aCambridge, Mass. :$bNational Bureau of Economic Research,$cc2006.
=300  \\$a41 p. :$bill. ;$c22 cm.
=336  \\$atext$2rdacontent
=337  \\$acomputer$2rdamedia
=338  \\$aonline resource$2rdacarrier
=490  1\$aNBER working paper series ;$vno. 12691
=500  \\$a"November 2006"
=504  \\$aIncludes bibliographical references (p. 22-23).
=530  \\$aAlso available in PDF from the NBER world wide web site (www.nber.org).
=540  \\$aBritish Library not licensed to copy$c0$5Uk
=650  \0$aWomen in science$xSex differences$xMathematical models.
=650  \0$aWomen scientists$xHistory.
=650  \0$aWomen in higher education.
=650  \0$aSex discrimination in education.
=700  1\$aKahn, Shulamit Beth.
=710  2\$aNational Bureau of Economic Research.
=830  \0$aWorking paper series (National Bureau of Economic Research) ;$vworking paper no. 12691.
=852  41$aBritish Library$bDSC$j6067.719500$ino. 12691
=856  41$uhttp://www.nber.org/papers/W12691.pdf$zClick here to download PDF file
=985  \\$aProvisional record - DSC
=ACF  \\$aBritish Library not licensed to copy$c0$e01-oct-2013$hC$iCFP Excluded$5Uk
=CAT  \\$a10775$b40$c20070103$lBLL01$h1523
=CAT  \\$aBATCH-CLA$b00$c20130527$lBLL01$h0130
=CAT  \\$aBATCH-CLA$b00$c20130630$lBLL01$h1629
=CAT  \\$aIPL-CLA$c20130701$lBLL01$h0103
=CAT  \\$aBATCH-CLA$b00$c20130702$lBLL01$h0201
=CAT  \\$aBATCH-CLA$b00$c20130929$lBLL01$h1618
=CAT  \\$aIPL-CLA$c20130930$lBLL01$h1749
=CAT  \\$aBATCH-CLA$b00$c20131202$lBLL01$h0328
=CAT  \\$aIPL-CLA$c20140101$lBLL01$h0012
=CAT  \\$aBATCH-CLA$b00$c20140327$lBLL01$h1829
=CAT  \\$aIPL-CLA$c20140331$lBLL01$h1630
=CAT  \\$aBATCH-UPD$b00$c20171103$lBLL01$h2033
=CAT  \\$aW2308-1659$c20230923$lBLL01$h1033
=CAT  \\$aBATCH-CLA$b00$c20230924$lBLL01$h0649
=CFI  0\$aBritish Library not licensed to copy$c0$e01-apr-2014$hC$iCFP Excluded$5Uk
=FIN  \\$aY$d20070103
=FMT  \\$a  BK
=LAS  \\$aBATCH-CLA$b00$c20230924$lBLL01$h0649
=SID  \\$aZ39$bOCLC
=TCO  \\$aTRS$bCCC$c008

