=LDR  02702 am a22006373a 4500
=001  013635336
=003  Uk
=005  20070103152647.0
=007  cr\mn|||||||||
=008  061207s2006\\\\maua\\\\\b\\\\000\0\eng\d
=035  \\$a(OCoLC)76907722
=040  \\$aUk$beng$cUk
=043  \\$an-us---
=100  1\$aKim, Jinyoung,$d1957-
=245  10$aInternational knowledge flows :$bevidence from an inventor-firm matched data set /$cJinyoung Kim, Sangjoon John Lee, Gerald Marschke.
=260  \\$aCambridge, Mass. :$bNational Bureau of Economic Research,$cc2006.
=300  \\$a34, [3] p. :$bill. ;$c22 cm.
=336  \\$atext$2rdacontent
=337  \\$acomputer$2rdamedia
=338  \\$aonline resource$2rdacarrier
=490  1\$aNBER working paper series ;$vno. 12692
=500  \\$a"November 2006"
=504  \\$aIncludes bibliographical references (p. 25-26).
=530  \\$aAlso available in PDF from the NBER world wide web site (www.nber.org).
=540  \\$aBritish Library not licensed to copy$c0$5Uk
=650  \0$aDiffusion of innovations$zUnited States$xMathematical models.
=650  \0$aInvestments, Foreign$zUnited States$xMathematical models.
=650  \0$aSemiconductor industrial equipment industry$xResearch$zUnited States.
=650  \0$aPharmaceutical industry$xResearch$zUnited States.
=700  1\$aLee, Sangjoon John.
=700  1\$aMarschke, Gerald.
=710  2\$aNational Bureau of Economic Research.
=830  \0$aWorking paper series (National Bureau of Economic Research) ;$vworking paper no. 12692.
=852  41$aBritish Library$bDSC$j6067.719500$ino. 12692
=856  41$uhttp://www.nber.org/papers/W12692.pdf$zClick here to download PDF file
=985  \\$aProvisional record - DSC
=ACF  \\$aBritish Library not licensed to copy$c0$e01-oct-2013$hC$iCFP Excluded$5Uk
=CAT  \\$a10775$b40$c20070103$lBLL01$h1526
=CAT  \\$aBATCH-CLA$b00$c20130527$lBLL01$h0130
=CAT  \\$aBATCH-CLA$b00$c20130630$lBLL01$h1629
=CAT  \\$aIPL-CLA$c20130701$lBLL01$h0103
=CAT  \\$aBATCH-CLA$b00$c20130702$lBLL01$h0201
=CAT  \\$aBATCH-CLA$b00$c20130929$lBLL01$h1618
=CAT  \\$aIPL-CLA$c20130930$lBLL01$h1749
=CAT  \\$aBATCH-CLA$b00$c20131202$lBLL01$h0328
=CAT  \\$aIPL-CLA$c20140101$lBLL01$h0012
=CAT  \\$aBATCH-CLA$b00$c20140327$lBLL01$h1829
=CAT  \\$aIPL-CLA$c20140331$lBLL01$h1630
=CAT  \\$aBATCH-UPD$b00$c20180623$lBLL01$h1726
=CAT  \\$aBATCH-CLA$b00$c20180624$lBLL01$h0101
=CFI  0\$aBritish Library not licensed to copy$c0$e01-apr-2014$hC$iCFP Excluded$5Uk
=FIN  \\$aY$d20070103
=FMT  \\$a  BK
=LAS  \\$aBATCH-CLA$b00$c20180624$lBLL01$h0101
=SID  \\$aZ39$bOCLC
=TCO  \\$aTRS$bCCC$c008

