=LDR  02776cam a22006857a 4500
=001  013635372
=003  Uk
=005  20230924064908.0
=007  cr\mn|||||||||
=008  061129s2006\\\\maua\\\\\b\\\\000\0\eng\d
=035  \\$a(OCoLC)76824338
=040  \\$aIUL$cIUL$dIUL$dGZM
=043  \\$aa-ja---
=100  1\$aLaxton, Douglas.
=245  10$aDeflationary shocks and monetary rules :$ban open-economy scenario analysis /$cDouglas Laxton, Papa N'Diaye, Paolo Pesenti.
=260  \\$aCambridge, Mass. :$bNational Bureau of Economic Research,$cc2006.
=300  \\$a35 p. :$bill. ;$c22 cm.
=336  \\$atext$2rdacontent
=337  \\$acomputer$2rdamedia
=338  \\$aonline resource$2rdacarrier
=490  1\$aNBER working paper series ;$vno. 12703
=500  \\$a"November 2006"
=504  \\$aIncludes bibliographical references (p. 21-22).
=530  \\$aAlso available in PDF from the NBER world wide web site (www.nber.org).
=540  \\$aBritish Library not licensed to copy$c0$5Uk
=650  \0$aSupply and demand$xEconometric models.
=650  \0$aEquilibrium (Economics)$xEconometric models.
=650  \0$aMonetary policy$zJapan.
=650  \0$aMacroeconomics.
=651  \0$aJapan$xEconomic conditions$y21st century.
=700  1\$aNdiaye, Papa.
=700  1\$aPesenti, Paolo A.
=710  2\$aNational Bureau of Economic Research.
=830  \0$aWorking paper series (National Bureau of Economic Research) ;$vworking paper no. 12703.
=852  41$aBritish Library$bDSC$j6067.719500$ino. 12703
=856  41$uhttp://www.nber.org/papers/W12703.pdf$zClick here to download PDF file
=985  \\$aProvisional record - DSC
=ACF  \\$aBritish Library not licensed to copy$c0$e01-oct-2013$hC$iCFP Excluded$5Uk
=CAT  \\$a10775$b40$c20070103$lBLL01$h1539
=CAT  \\$aBATCH-CLA$b00$c20130527$lBLL01$h0130
=CAT  \\$aBATCH-CLA$b00$c20130630$lBLL01$h1629
=CAT  \\$aIPL-CLA$c20130701$lBLL01$h0103
=CAT  \\$aBATCH-CLA$b00$c20130702$lBLL01$h0201
=CAT  \\$aBATCH-CLA$b00$c20130929$lBLL01$h1618
=CAT  \\$aIPL-CLA$c20130930$lBLL01$h1749
=CAT  \\$aBATCH-CLA$b00$c20131202$lBLL01$h0328
=CAT  \\$aIPL-CLA$c20140101$lBLL01$h0012
=CAT  \\$aBATCH-CLA$b00$c20140327$lBLL01$h1829
=CAT  \\$aIPL-CLA$c20140331$lBLL01$h1630
=CAT  \\$aBATCH-UPD$b00$c20180718$lBLL01$h2002
=CAT  \\$a5194$b40$c20210601$lBLL01$h1102
=CAT  \\$aBATCH-CLA$b00$c20210602$lBLL01$h0117
=CAT  \\$aW2308-1659$c20230923$lBLL01$h1033
=CAT  \\$aBATCH-CLA$b00$c20230924$lBLL01$h0649
=CFI  0\$aBritish Library not licensed to copy$c0$e01-apr-2014$hC$iCFP Excluded$5Uk
=FIN  \\$aY$d20070103
=FMT  \\$a  BK
=LAS  \\$aBATCH-CLA$b00$c20230924$lBLL01$h0649
=SID  \\$aZ39$bOCLC
=TCO  \\$aTRS$bCCC$c008

