=LDR  02643cam a22006377a 4500
=001  013635534
=003  Uk
=005  20230924064908.0
=007  cr\bn|||||||||
=008  061212s2006\\\\mau\\\\\\b\\\\000\0\eng\d
=035  \\$a(OCoLC)76956583
=040  \\$aIUL$cIUL$dIUL$dGZM
=043  \\$ae------
=245  00$aInnovation and productivity across four European countries /$cRachel Griffith ... [et al.].
=260  \\$aCambridge, Mass. :$bNational Bureau of Economic Research,$c2006.
=300  \\$a36 p. ;$c22 cm.
=336  \\$atext$2rdacontent
=337  \\$acomputer$2rdamedia
=338  \\$aonline resource$2rdacarrier
=490  1\$aNBER working paper series ;$vno. 12722
=500  \\$a"December 2006"
=504  \\$aIncludes bibliographical references (p. 33-36).
=530  \\$aAlso available in PDF from the NBER world wide web site (www.nber.org).
=540  \\$aBritish Library not licensed to copy$c0$5Uk
=650  \0$aIndustrial productivity$xEconometric models.
=650  \0$aTechnological innovations$zEurope$xEconometric models.
=650  \0$aBusiness enterprises$xProductivity$zEurope.
=650  \0$aBusiness enterprises$xTechnological innovations$zEurope.
=700  1\$aGriffith, Rachel.
=710  2\$aNational Bureau of Economic Research.
=830  \0$aWorking paper series (National Bureau of Economic Research) ;$vworking paper no. 12722.
=852  41$aBritish Library$bDSC$j6067.719500$ino. 12722
=856  41$uhttp://www.nber.org/papers/W12722.pdf$zClick here to download PDF file
=985  \\$aProvisional record - DSC
=ACF  \\$aBritish Library not licensed to copy$c0$e01-oct-2013$hC$iCFP Excluded$5Uk
=CAT  \\$a10775$b40$c20070104$lBLL01$h0743
=CAT  \\$aBATCH-CLA$b00$c20130527$lBLL01$h0130
=CAT  \\$aBATCH-CLA$b00$c20130630$lBLL01$h1629
=CAT  \\$aIPL-CLA$c20130701$lBLL01$h0103
=CAT  \\$aBATCH-CLA$b00$c20130702$lBLL01$h0201
=CAT  \\$aBATCH-CLA$b00$c20130929$lBLL01$h1618
=CAT  \\$aIPL-CLA$c20130930$lBLL01$h1749
=CAT  \\$aBATCH-CLA$b00$c20131202$lBLL01$h0328
=CAT  \\$aIPL-CLA$c20140101$lBLL01$h0012
=CAT  \\$aBATCH-CLA$b00$c20140327$lBLL01$h1829
=CAT  \\$aIPL-CLA$c20140331$lBLL01$h1630
=CAT  \\$aBATCH-UPD$b00$c20191120$lBLL01$h1757
=CAT  \\$aBATCH-CLA$b00$c20191121$lBLL01$h0108
=CAT  \\$aW2308-1659$c20230923$lBLL01$h1033
=CAT  \\$aBATCH-CLA$b00$c20230924$lBLL01$h0649
=CFI  0\$aBritish Library not licensed to copy$c0$e01-apr-2014$hC$iCFP Excluded$5Uk
=FIN  \\$aY$d20070104
=FMT  \\$a  BK
=LAS  \\$aBATCH-CLA$b00$c20230924$lBLL01$h0649
=SID  \\$aZ39$bOCLC
=TCO  \\$aTRS$bCCC$c008

