=LDR  02995cam a22007097a 4500
=001  013635556
=003  Uk
=005  20230924064908.0
=007  cr\bn|||||||||
=008  061215s2006\\\\maua\\\\\b\\\\000\0\eng\d
=035  \\$a(OCoLC)77009373
=040  \\$aIUL$cIUL$dGZM
=043  \\$af-ua---$ad------
=100  1\$aHanushek, Eric A.$q(Eric Alan),$d1943-
=245  10$aDo students care about school quality? :$bdeterminants of dropout behavior in developing countries /$cEric A. Hanushek, Victor Lavy, Kohtaro Hitomi.
=260  \\$aCambridge, Mass. :$bNational Bureau of Economic Research,$cc2006.
=300  \\$a34, [2] p. :$bill. ;$c22 cm.
=336  \\$atext$2rdacontent
=337  \\$acomputer$2rdamedia
=338  \\$aonline resource$2rdacarrier
=490  1\$aNBER working paper series ;$vno. 12737
=500  \\$a"December 2006"
=504  \\$aIncludes bibliographical references (p. 30-34).
=530  \\$aAlso available in PDF from the NBER world wide web site (www.nber.org).
=540  \\$aBritish Library not licensed to copy$c0$5Uk
=650  \0$aDropouts$zEgypt$xMathematical models.
=650  \0$aSchool attendance$zEgypt$xMathematical models.
=650  \0$aPublic schools$zEgypt$xEvaluation.
=650  \0$aEducation, Elementary$zEgypt$xEvaluation.
=650  \0$aSchools$xEvaluation$xMathematical models.
=650  \0$aEducational evaluation$zDeveloping countries.
=650  \0$aEducation and state$zDeveloping countries.
=700  1\$aLavy, Victor.
=700  1\$aHitomi, Kohtaro.
=710  2\$aNational Bureau of Economic Research.
=830  \0$aWorking paper series (National Bureau of Economic Research) ;$vworking paper no. 12737.
=852  41$aBritish Library$bDSC$j6067.719500$ino. 12737
=856  41$uhttp://www.nber.org/papers/W12737.pdf$zClick here to download PDF file
=985  \\$aProvisional record - DSC
=ACF  \\$aBritish Library not licensed to copy$c0$e01-oct-2013$hC$iCFP Excluded$5Uk
=CAT  \\$a10775$b40$c20070104$lBLL01$h0805
=CAT  \\$aBATCH-UPD$b40$c20090510$lBLL01$h1855
=CAT  \\$aBATCH-UPD$b40$c20091014$lBLL01$h1914
=CAT  \\$aBATCH-CLA$b00$c20130527$lBLL01$h0130
=CAT  \\$aBATCH-CLA$b00$c20130630$lBLL01$h1629
=CAT  \\$aIPL-CLA$c20130701$lBLL01$h0103
=CAT  \\$aBATCH-CLA$b00$c20130702$lBLL01$h0201
=CAT  \\$aBATCH-CLA$b00$c20130929$lBLL01$h1618
=CAT  \\$aIPL-CLA$c20130930$lBLL01$h1749
=CAT  \\$aBATCH-CLA$b00$c20131202$lBLL01$h0328
=CAT  \\$aIPL-CLA$c20140101$lBLL01$h0012
=CAT  \\$aBATCH-CLA$b00$c20140327$lBLL01$h1829
=CAT  \\$aIPL-CLA$c20140331$lBLL01$h1630
=CAT  \\$aBATCH-UPD$b00$c20170704$lBLL01$h0821
=CAT  \\$aW2308-1659$c20230923$lBLL01$h1033
=CAT  \\$aBATCH-CLA$b00$c20230924$lBLL01$h0649
=CFI  0\$aBritish Library not licensed to copy$c0$e01-apr-2014$hC$iCFP Excluded$5Uk
=FIN  \\$aY$d20070104
=FMT  \\$a  BK
=LAS  \\$aBATCH-CLA$b00$c20230924$lBLL01$h0649
=SID  \\$aZ39$bOCLC
=TCO  \\$aTRS$bCCC$c008

