=LDR  01909cam a22004937a 4500
=001  013635563
=003  Uk
=005  20230924064108.0
=007  cr\bn|||||||||
=008  061212s2006\\\\mau\\\\\\b\\\\000\0\eng\d
=035  \\$a(OCoLC)76951042
=040  \\$aGZM$cGZM
=100  1\$aCipollini, Fabrizio.
=245  10$aVector multiplicative error models :$brepresentation and inference /$cFabrizio Cipollini, Robert F. Engle, Giampiero M. Gallo.
=260  \\$aCambridge, Mass. :$bNational Bureau of Economic Research,$cc2006.
=300  \\$a53 p. ;$c22 cm.
=336  \\$atext$2rdacontent
=337  \\$acomputer$2rdamedia
=338  \\$aonline resource$2rdacarrier
=490  1\$aNBER technical working papers ;$vno. 331
=500  \\$a"November 2006"
=504  \\$aIncludes bibliographical references (p. 49-51).
=530  \\$aAlso available in PDF from the NBER world wide web site (www.nber.org).
=540  \\$aBritish Library not licensed to copy$c0$5Uk
=650  \0$aEconomics, Mathematical.
=700  1\$aEngle, R. F.$q(Robert F.).
=700  1\$aGallo, Giampiero M.
=710  2\$aNational Bureau of Economic Research.
=830  \0$aNBER technical working paper series ;$vno. 331.
=852  41$aBritish Library$bDSC$j8732.374000$ino. 331
=856  41$uhttp://www.nber.org/papers/T0331.pdf$zClick here to download PDF file
=985  \\$aProvisional record - DSC
=CAT  \\$a10775$b40$c20070104$lBLL01$h0812
=CAT  \\$aBATCH-CLA$b00$c20210507$lBLL01$h0300
=CAT  \\$aBATCH-UPD$b00$c20210507$lBLL01$h0607
=CAT  \\$aBATCH-CLA$b00$c20210508$lBLL01$h0134
=CAT  \\$aW2308-1659$c20230923$lBLL01$h1033
=CAT  \\$aBATCH-CLA$b00$c20230924$lBLL01$h0641
=CFI  0\$aBritish Library not licensed to copy$c0$e07-sep-2011$hC$iTX$5Uk
=FIN  \\$aY$d20070104
=FMT  \\$a  BK
=LAS  \\$aBATCH-CLA$b00$c20230924$lBLL01$h0641
=SID  \\$aZ39$bOCLC
=TCO  \\$aTRS$bCCC$c008

