=LDR  02578cam a22006257a 4500
=001  013635595
=003  Uk
=005  20230924064909.0
=007  cr\bn|||||||||
=008  061215s2006\\\\mau\\\\\\\\\\\000\0\eng\d
=035  \\$a(OCoLC)77009359
=040  \\$aIUL$cIUL$dIUL$dGZM
=043  \\$ae------
=100  1\$aFeldstein, Martin S.
=245  14$aThe effects of the ageing European population on economic growth and budgets :$bimplications for immigration and other policies /$cMartin S. Feldstein.
=246  17$aAging and immigration ... 2006
=260  \\$aCambridge, Mass. :$bNational Bureau of Economic Research,$cc2006.
=300  \\$a15 p.$c22 cm.
=336  \\$atext$2rdacontent
=337  \\$acomputer$2rdamedia
=338  \\$aonline resource$2rdacarrier
=490  1\$aNBER working paper series ;$vno. 12736
=500  \\$a"December 2006"
=530  \\$aAlso available in PDF from the NBER world wide web site (www.nber.org).
=540  \\$aBritish Library not licensed to copy$c0$5Uk
=650  \0$aAging$xEconomic aspects$zEurope.
=650  \0$aFiscal policy$zEurope$y21st century.
=651  \0$aEurope$xPopulation$xEconomic aspects.
=710  2\$aNational Bureau of Economic Research.
=830  \0$aWorking paper series (National Bureau of Economic Research) ;$vworking paper no. 12736.
=852  41$aBritish Library$bDSC$j6067.719500$ino. 12736
=856  41$uhttp://www.nber.org/papers/W12736.pdf$zClick here to download PDF file
=985  \\$aProvisional record - DSC
=ACF  \\$aBritish Library not licensed to copy$c0$e01-oct-2013$hC$iCFP Excluded$5Uk
=CAT  \\$a9504$b40$c20070104$lBLL01$h0846
=CAT  \\$aBATCH-CLA$b00$c20130527$lBLL01$h0130
=CAT  \\$aBATCH-CLA$b00$c20130630$lBLL01$h1629
=CAT  \\$aIPL-CLA$c20130701$lBLL01$h0103
=CAT  \\$aBATCH-CLA$b00$c20130702$lBLL01$h0201
=CAT  \\$aBATCH-CLA$b00$c20130929$lBLL01$h1618
=CAT  \\$aIPL-CLA$c20130930$lBLL01$h1749
=CAT  \\$aBATCH-CLA$b00$c20131202$lBLL01$h0328
=CAT  \\$aIPL-CLA$c20140101$lBLL01$h0012
=CAT  \\$aBATCH-CLA$b00$c20140327$lBLL01$h1829
=CAT  \\$aIPL-CLA$c20140331$lBLL01$h1630
=CAT  \\$aBATCH-UPD$b00$c20190614$lBLL01$h2059
=CAT  \\$aBATCH-CLA$b00$c20190615$lBLL01$h0129
=CAT  \\$aW2308-1659$c20230923$lBLL01$h1033
=CAT  \\$aBATCH-CLA$b00$c20230924$lBLL01$h0649
=CFI  0\$aBritish Library not licensed to copy$c0$e01-apr-2014$hC$iCFP Excluded$5Uk
=FIN  \\$aY$d20070104
=FMT  \\$a  BK
=LAS  \\$aBATCH-CLA$b00$c20230924$lBLL01$h0649
=SID  \\$aZ39$bOCLC
=TCO  \\$aTRS$bCCC$c008

