=LDR  02600cam a22006377a 4500
=001  013635614
=003  Uk
=005  20230924064909.0
=007  cr\mn|||||||||
=008  061207s2006\\\\maua\\\\\b\\\\000\0\eng\d
=035  \\$a(OCoLC)76907766
=040  \\$aIUL$cIUL$dGZM
=043  \\$aae-----
=100  1\$aAizenman, Joshua.
=245  10$aFinancial versus monetary mercantilism-long-run view of large international reserves hoarding /$cJoshua Aizenman, Jaewoo Lee.
=260  \\$aCambridge, Mass. :$bNational Bureau of Economic Research,$cc2006.
=300  \\$a22 p. :$bill. ;$c22 cm.
=336  \\$atext$2rdacontent
=337  \\$acomputer$2rdamedia
=338  \\$aonline resource$2rdacarrier
=490  1\$aNBER working paper series ;$vno. 12718
=500  \\$a"December 2006"
=504  \\$aIncludes bibliographical references (p. 21-22).
=530  \\$aAlso available in PDF from the NBER world wide web site (www.nber.org).
=540  \\$aBritish Library not licensed to copy$c0$5Uk
=650  \0$aMercantile system$zEast Asia$xMathematical models.
=650  \0$aBalance of trade$zEast Asia.
=651  \0$aEast Asia$xEconomic policy.
=700  1\$aLee, Jaewoo.
=710  2\$aNational Bureau of Economic Research.
=830  \0$aWorking paper series (National Bureau of Economic Research) ;$vworking paper no. 12718.
=852  41$aBritish Library$bDSC$j6067.719500$ino. 12718
=856  41$uhttp://www.nber.org/papers/W12718.pdf$zClick here to download PDF file
=985  \\$aProvisional record - DSC
=ACF  \\$aBritish Library not licensed to copy$c0$e01-oct-2013$hC$iCFP Excluded$5Uk
=CAT  \\$a9504$b40$c20070104$lBLL01$h0858
=CAT  \\$aBATCH-CLA$b00$c20130527$lBLL01$h0130
=CAT  \\$aBATCH-CLA$b00$c20130630$lBLL01$h1629
=CAT  \\$aIPL-CLA$c20130701$lBLL01$h0103
=CAT  \\$aBATCH-CLA$b00$c20130702$lBLL01$h0201
=CAT  \\$aBATCH-CLA$b00$c20130929$lBLL01$h1618
=CAT  \\$aIPL-CLA$c20130930$lBLL01$h1749
=CAT  \\$aBATCH-CLA$b00$c20131202$lBLL01$h0328
=CAT  \\$aIPL-CLA$c20140101$lBLL01$h0012
=CAT  \\$aBATCH-CLA$b00$c20140327$lBLL01$h1829
=CAT  \\$aIPL-CLA$c20140331$lBLL01$h1630
=CAT  \\$aBATCH-UPD$b00$c20170111$lBLL01$h1659
=CAT  \\$aBATCH-CLA$b00$c20170112$lBLL01$h0114
=CAT  \\$aW2308-1659$c20230923$lBLL01$h1033
=CAT  \\$aBATCH-CLA$b00$c20230924$lBLL01$h0649
=CFI  0\$aBritish Library not licensed to copy$c0$e01-apr-2014$hC$iCFP Excluded$5Uk
=FIN  \\$aY$d20070104
=FMT  \\$a  BK
=LAS  \\$aBATCH-CLA$b00$c20230924$lBLL01$h0649
=SID  \\$aZ39$bOCLC
=TCO  \\$aTRS$bCCC$c008

