=LDR  02816cam a22006977a 4500
=001  013635640
=003  Uk
=005  20230924064909.0
=007  cr\mn|||||||||
=008  061129s2006\\\\maua\\\\\b\\\\000\0\eng\d
=035  \\$a(OCoLC)76824439
=040  \\$aIUL$cIUL$dIUL$dGZM
=043  \\$an-us---
=100  1\$aPerri, Fabrizio$c(Monetary advisor)
=245  15$aThe "Great Moderation" and the U.S. external imbalance /$cFabrizio Perri, Alessandra Fogli.
=260  \\$aCambridge, Mass. :$bNational Bureau of Economic Research,$cc2006.
=300  \\$a21 p.$bill. ;$c22 cm.
=336  \\$atext$2rdacontent
=337  \\$acomputer$2rdamedia
=338  \\$aonline resource$2rdacarrier
=490  1\$aNBER working paper series ;$vno. 12708
=500  \\$a"November 2006"
=504  \\$aIncludes bibliographical references (p. 19-21).
=530  \\$aAlso available in PDF from the NBER world wide web site (www.nber.org).
=540  \\$aBritish Library not licensed to copy$c0$5Uk
=650  \0$aBusiness cycles$zUnited States$xHistory.
=650  \0$aBalance of trade$xEconometric models.
=650  \0$aInternational economic relations.
=650  \0$aEquilibrium (Economics)
=650  \0$aMacroeconomics.
=700  1\$aFogli, Alessandra.
=710  2\$aNational Bureau of Economic Research.
=830  \0$aWorking paper series (National Bureau of Economic Research) ;$vworking paper no. 12708.
=852  41$aBritish Library$bDSC$j6067.719500$ino. 12708
=856  41$uhttp://www.nber.org/papers/W12708.pdf$zClick here to download PDF file
=985  \\$aCorrected by BSS-generated file
=985  \\$aProvisional record - DSC
=ACF  \\$aBritish Library not licensed to copy$c0$e01-oct-2013$hC$iCFP Excluded$5Uk
=CAT  \\$a9504$b40$c20070104$lBLL01$h0911
=CAT  \\$aBLSS-CORR$b00$c20080705$lBLL01$h2204
=CAT  \\$aBLSS-CORR9$c20090508$lBLL01$h1638
=CAT  \\$aBATCH-CLA$b00$c20130527$lBLL01$h0130
=CAT  \\$aBATCH-CLA$b00$c20130630$lBLL01$h1629
=CAT  \\$aIPL-CLA$c20130701$lBLL01$h0103
=CAT  \\$aBATCH-CLA$b00$c20130702$lBLL01$h0201
=CAT  \\$aBATCH-CLA$b00$c20130929$lBLL01$h1618
=CAT  \\$aIPL-CLA$c20130930$lBLL01$h1749
=CAT  \\$aBATCH-CLA$b00$c20131202$lBLL01$h0328
=CAT  \\$aIPL-CLA$c20140101$lBLL01$h0012
=CAT  \\$aBATCH-CLA$b00$c20140327$lBLL01$h1829
=CAT  \\$aIPL-CLA$c20140331$lBLL01$h1630
=CAT  \\$a9668$b40$c20141002$lBLL01$h1520
=CAT  \\$aBATCH-UPD$b40$c20180620$lBLL01$h1700
=CAT  \\$aW2308-1659$c20230923$lBLL01$h1033
=CAT  \\$aBATCH-CLA$b00$c20230924$lBLL01$h0649
=CFI  0\$aBritish Library not licensed to copy$c0$e01-apr-2014$hC$iCFP Excluded$5Uk
=FIN  \\$aY$d20070104
=FMT  \\$a  BK
=LAS  \\$aBATCH-CLA$b00$c20230924$lBLL01$h0649
=SID  \\$aZ39$bOCLC
=TCO  \\$aTRS$bCCC$c008

