=LDR  02698cam a22006497a 4500
=001  013641722
=003  Uk
=005  20230924064909.0
=007  cr\bn|||||||||
=008  061215s2006\\\\maua\\\\\b\\\\000\0\eng\d
=035  \\$a(OCoLC)77009494
=040  \\$aIUL$cIUL$dIUL$dGZM
=100  10$aCarroll, Chris.
=245  10$aHow large is the housing wealth effect? :$ba new approach /$cChristopher D. Carroll, Misuzu Otsuka, Jirka Slacalek.
=260  \\$aCambridge, Mass. :$bNational Bureau of Economic Research,$cc2006.
=300  \\$a19 p. :$bill. ;$c22 cm.
=336  \\$atext$2rdacontent
=337  \\$acomputer$2rdamedia
=338  \\$aonline resource$2rdacarrier
=490  1\$aNBER working paper series ;$vno. 12746
=500  \\$a"December 2006"
=504  \\$aIncludes bibliographical references (p. 13-16).
=530  \\$aAlso available in PDF from the NBER world wide web site (www.nber.org).
=540  \\$aBritish Library not licensed to copy$c0$5Uk
=650  \0$aWealth$zUnited States$xMathematical models.
=650  \0$aConsumption (Economics)$xMathematical models$zUnited States.
=700  1\$aOtsuka, Misuzu.
=700  1\$aSlacalek, Jiri,$d1975-
=710  2\$aNational Bureau of Economic Research.
=830  \0$aWorking paper series (National Bureau of Economic Research) ;$vworking paper no. 12746.
=852  41$aBritish Library$bDSC$j6067.719500$ino. 12746
=856  41$uhttp://www.nber.org/papers/W12746.pdf$zClick here to download PDF file
=985  \\$aProvisional record - DSC
=ACF  \\$aBritish Library not licensed to copy$c0$e01-oct-2013$hC$iCFP Excluded$5Uk
=CAT  \\$a7164$b40$c20070111$lBLL01$h1115
=CAT  \\$aBATCH-UPD$b40$c20080407$lBLL01$h2241
=CAT  \\$aBATCH-UPD$b40$c20100307$lBLL01$h1513
=CAT  \\$aBATCH-CLA$b00$c20130527$lBLL01$h0130
=CAT  \\$aBATCH-CLA$b00$c20130630$lBLL01$h1629
=CAT  \\$aIPL-CLA$c20130701$lBLL01$h0104
=CAT  \\$aBATCH-CLA$b00$c20130702$lBLL01$h0201
=CAT  \\$aBATCH-CLA$b00$c20130929$lBLL01$h1618
=CAT  \\$aIPL-CLA$c20130930$lBLL01$h1749
=CAT  \\$aBATCH-CLA$b00$c20131202$lBLL01$h0328
=CAT  \\$aIPL-CLA$c20140101$lBLL01$h0013
=CAT  \\$aBATCH-CLA$b00$c20140327$lBLL01$h1829
=CAT  \\$aIPL-CLA$c20140331$lBLL01$h1630
=CAT  \\$aBATCH-UPD$b00$c20211217$lBLL01$h2053
=CAT  \\$aBATCH-CLA$b00$c20211218$lBLL01$h0138
=CAT  \\$aW2308-1659$c20230923$lBLL01$h1034
=CAT  \\$aBATCH-CLA$b00$c20230924$lBLL01$h0649
=CFI  0\$aBritish Library not licensed to copy$c0$e01-apr-2014$hC$iCFP Excluded$5Uk
=FIN  \\$aY$d20070111
=FMT  \\$a  BK
=LAS  \\$aBATCH-CLA$b00$c20230924$lBLL01$h0649
=SID  \\$aZ39$bOCLC
=TCO  \\$aTRS$bCCC$c008

