=LDR  03614cam a22006497a 4500
=001  013641731
=003  Uk
=005  20230924064909.0
=007  cr\mn|||||||||
=008  070104s2006\\\\maua\\\\\b\\\\000\0\eng\d
=035  \\$a(OCoLC)77530233
=040  \\$aIUL$cIUL$dGZM
=043  \\$an-us---
=100  1\$aGaynor, Martin.
=245  10$aIs drug coverage a free lunch? :$bcross-price elasticities and the design of prescription drug benefits /$cMartin Gaynor, Jian Li, William B. Vogt.
=260  \\$aCambridge, Mass. :$bNational Bureau of Economic Research,$cc2006.
=300  \\$a41 p. :$bill. ;$c22 cm.
=336  \\$atext$2rdacontent
=337  \\$acomputer$2rdamedia
=338  \\$aonline resource$2rdacarrier
=490  1\$aNBER working paper series ;$vno. 12758
=500  \\$a"December 2006"
=504  \\$aIncludes bibliographical references (p. 25-29).
=520  3\$a"Recently, many US employers have adopted less generous prescription drug benefits. In addition, the U.S. began to offer prescription drug insurance to approximately 42 million Medicare beneficiaries in 2006. We use data on individual health insurance claims and benefit data from 1997-2003 to study the effects of changing consumers' co-payments for prescription drugs on the quantity demanded and expenditure on prescription drugs, inpatient care and outpatient care. We allow for effects both in the year of the co-payment change and in the year following the change. Our results show that increases in prescription drug prices reduce both the use of and spending on prescription drugs. However, consumers substitute the use of outpatient care and inpatient care for prescription drug use, and the expenditure reductions on prescription drugs are largely offset by the increases in other spending"--National Bureau of Economic Research web site.
=530  \\$aAlso available in PDF from the NBER world wide web site (www.nber.org).
=540  \\$aBritish Library not licensed to copy$c0$5Uk
=650  \0$aInsurance, Pharmaceutical services$zUnited States$xMathematical models.
=650  \0$aDrugs$xPrices$zUnited States$xMathematical models.
=700  1\$aLi, Jian.
=700  1\$aVogt, William B.
=710  2\$aNational Bureau of Economic Research.
=830  \0$aWorking paper series (National Bureau of Economic Research) ;$vworking paper no. 12758.
=852  41$aBritish Library$bDSC$j6067.719500$ino. 12758
=856  41$uhttp://www.nber.org/papers/W12758.pdf$zClick here to download PDF file
=985  \\$aProvisional record - DSC
=ACF  \\$aBritish Library not licensed to copy$c0$e01-oct-2013$hC$iCFP Excluded$5Uk
=CAT  \\$a7164$b40$c20070111$lBLL01$h1118
=CAT  \\$aBATCH-CLA$b00$c20130527$lBLL01$h0130
=CAT  \\$aBATCH-CLA$b00$c20130630$lBLL01$h1629
=CAT  \\$aIPL-CLA$c20130701$lBLL01$h0104
=CAT  \\$aBATCH-CLA$b00$c20130702$lBLL01$h0201
=CAT  \\$aBATCH-CLA$b00$c20130929$lBLL01$h1618
=CAT  \\$aIPL-CLA$c20130930$lBLL01$h1749
=CAT  \\$aBATCH-CLA$b00$c20131202$lBLL01$h0328
=CAT  \\$aIPL-CLA$c20140101$lBLL01$h0013
=CAT  \\$aBATCH-CLA$b00$c20140327$lBLL01$h1829
=CAT  \\$aIPL-CLA$c20140331$lBLL01$h1630
=CAT  \\$aBATCH-UPD$b00$c20211217$lBLL01$h2053
=CAT  \\$aBATCH-CLA$b00$c20211218$lBLL01$h0138
=CAT  \\$aW2308-1659$c20230923$lBLL01$h1034
=CAT  \\$aBATCH-CLA$b00$c20230924$lBLL01$h0649
=CFI  0\$aBritish Library not licensed to copy$c0$e01-apr-2014$hC$iCFP Excluded$5Uk
=FIN  \\$aY$d20070111
=FMT  \\$a  BK
=LAS  \\$aBATCH-CLA$b00$c20230924$lBLL01$h0649
=SID  \\$aZ39$bOCLC
=TCO  \\$aTRS$bCCC$c008

