=LDR  02574cam a22006257a 4500
=001  013641753
=003  Uk
=005  20230924064909.0
=007  cr\mn|||||||||
=008  070103s2006\\\\maua\\\\\b\\\\000\0\eng\d
=035  \\$a(OCoLC)77519703
=040  \\$aGZM$cGZM
=043  \\$af-sa---
=100  1\$aEdwards, Lawrence$c(Professor of economics)
=245  10$aSouth African trade policy matters :$btrade performance and trade policy /$cLawrence Edwards, Robert Z. Lawrence.
=260  \\$aCambridge, Mass. :$bNational Bureau of Economic Research,$cc2006.
=300  \\$a62 p. :$bill. ;$c22 cm.
=336  \\$atext$2rdacontent
=337  \\$acomputer$2rdamedia
=338  \\$aonline resource$2rdacarrier
=490  1\$aNBER working paper paper series ;$vno. 12760
=500  \\$a"December 2006."
=504  \\$aIncludes bibliographical references (p. 55-58).
=530  \\$aAlso available in PDF from the NBER world wide web site (www.nber.org).
=540  \\$aBritish Library not licensed to copy$c0$5Uk
=650  \0$aInternational trade$xEconomic aspects.
=651  \0$aSouth Africa$xCommercial policy.
=700  1\$aLawrence, Robert Z.,$d1949-
=710  2\$aNational Bureau of Economic Research.
=830  \0$aWorking paper series (National Bureau of Economic Research) ;$vworking paper no. 12760.
=852  41$aBritish Library$bDSC$j6067.719500$ino. 12760
=856  41$uhttp://www.nber.org/papers/W12760.pdf$zClick here to download PDF file
=985  \\$aProvisional record - DSC
=ACF  \\$aBritish Library not licensed to copy$c0$e01-oct-2013$hC$iCFP Excluded$5Uk
=CAT  \\$a7164$b40$c20070111$lBLL01$h1129
=CAT  \\$aBATCH-CLA$b00$c20130527$lBLL01$h0130
=CAT  \\$aBATCH-CLA$b00$c20130630$lBLL01$h1629
=CAT  \\$aIPL-CLA$c20130701$lBLL01$h0104
=CAT  \\$aBATCH-CLA$b00$c20130702$lBLL01$h0201
=CAT  \\$aBATCH-CLA$b00$c20130929$lBLL01$h1618
=CAT  \\$aIPL-CLA$c20130930$lBLL01$h1749
=CAT  \\$aBATCH-CLA$b00$c20131202$lBLL01$h0328
=CAT  \\$aIPL-CLA$c20140101$lBLL01$h0013
=CAT  \\$aBATCH-CLA$b00$c20140327$lBLL01$h1829
=CAT  \\$aIPL-CLA$c20140331$lBLL01$h1630
=CAT  \\$a7416$b40$c20150908$lBLL01$h1620
=CAT  \\$aBATCH-UPD$b40$c20170817$lBLL01$h2109
=CAT  \\$aW2308-1659$c20230923$lBLL01$h1034
=CAT  \\$aBATCH-CLA$b00$c20230924$lBLL01$h0649
=CFI  0\$aBritish Library not licensed to copy$c0$e01-apr-2014$hC$iCFP Excluded$5Uk
=FIN  \\$aY$d20070111
=FMT  \\$a  BK
=LAS  \\$aBATCH-CLA$b00$c20230924$lBLL01$h0649
=SID  \\$aZ39$bOCLC
=TCO  \\$aTRS$bCCC$c008

