=LDR  02721cam a22006617a 4500
=001  013641781
=003  Uk
=005  20230924064909.0
=007  cr\mn|||||||||
=008  061218s2006\\\\maua\\\\\b\\\\000\0\eng\d
=035  \\$a(OCoLC)77076106
=040  \\$aIUL$cIUL$dGZM
=043  \\$an-us---
=100  1\$aSnowberg, Erik.
=245  10$aParty influence in Congress and the economy /$cErik Snowberg, Justin Wolfers, Eric Zitzewitz.
=260  \\$aCambridge, Mass. :$bNational Bureau of Economic Research,$c2006.
=300  \\$a11 p. :$bill. ;$c22 cm.
=336  \\$atext$2rdacontent
=337  \\$acomputer$2rdamedia
=338  \\$aonline resource$2rdacarrier
=490  1\$aNBER working paper series ;$vno. 12751
=500  \\$a"December 2006"
=504  \\$aIncludes bibliographical references (p. 11).
=530  \\$aAlso available in PDF from the NBER world wide web site (www.nber.org).
=540  \\$aBritish Library not licensed to copy$c0$5Uk
=610  10$aUnited States.$bCongress$xElections$xEconomic aspects.
=650  \0$aPolitical parties$xEconomic aspects$zUnited States.
=650  \0$aPresidents$xElection$xEconomic aspects$zUnited States.
=651  \0$aUnited States$xEconomic policy$xEconometric models.
=700  1\$aWolfers, Justin.
=700  1\$aZitzewitz, Eric.
=710  2\$aNational Bureau of Economic Research.
=830  \0$aWorking paper series (National Bureau of Economic Research) ;$vworking paper no. 12751.
=852  41$aBritish Library$bDSC$j6067.719500$ino. 12751
=856  41$uhttp://www.nber.org/papers/W12751.pdf$zClick here to download PDF file
=985  \\$aProvisional record - DSC
=ACF  \\$aBritish Library not licensed to copy$c0$e01-oct-2013$hC$iCFP Excluded$5Uk
=CAT  \\$a7164$b40$c20070111$lBLL01$h1141
=CAT  \\$aBATCH-CLA$b00$c20130527$lBLL01$h0130
=CAT  \\$aBATCH-CLA$b00$c20130630$lBLL01$h1629
=CAT  \\$aIPL-CLA$c20130701$lBLL01$h0104
=CAT  \\$aBATCH-CLA$b00$c20130702$lBLL01$h0201
=CAT  \\$aBATCH-CLA$b00$c20130929$lBLL01$h1618
=CAT  \\$aIPL-CLA$c20130930$lBLL01$h1749
=CAT  \\$aBATCH-CLA$b00$c20131202$lBLL01$h0328
=CAT  \\$aIPL-CLA$c20140101$lBLL01$h0013
=CAT  \\$aBATCH-CLA$b00$c20140327$lBLL01$h1829
=CAT  \\$aIPL-CLA$c20140331$lBLL01$h1630
=CAT  \\$aBATCH-UPD$b00$c20170226$lBLL01$h2133
=CAT  \\$aBATCH-CLA$b00$c20170227$lBLL01$h0113
=CAT  \\$aW2308-1659$c20230923$lBLL01$h1034
=CAT  \\$aBATCH-CLA$b00$c20230924$lBLL01$h0649
=CFI  0\$aBritish Library not licensed to copy$c0$e01-apr-2014$hC$iCFP Excluded$5Uk
=FIN  \\$aY$d20070111
=FMT  \\$a  BK
=LAS  \\$aBATCH-CLA$b00$c20230924$lBLL01$h0649
=SID  \\$aZ39$bOCLC
=TCO  \\$aTRS$bCCC$c008

