=LDR  01936cam a22004937a 4500
=001  013654164
=003  Uk
=005  20230924064109.0
=007  cr\mn|||||||||
=008  070123s2006\\\\maua\\\\\b\\\\000\0\eng\d
=035  \\$a(OCoLC)79649621
=040  \\$aGZM$cGZM
=100  1\$aBoivin, Jean,$d1972-
=245  10$aDSGE models in a data-rich environment /$cJean Boivin, Marc Giannoni.
=246  3\$aDynamic stochastic general equilibrium models in a data-rich environment
=260  \\$aCambridge, Mass. :$bNational Bureau of Economic Research,$cc2006.
=300  \\$a62 p. :$bill. ;$c22 cm.
=336  \\$atext$2rdacontent
=337  \\$acomputer$2rdamedia
=338  \\$aonline resource$2rdacarrier
=490  1\$aNBER technical working papers ;$vno. 332
=500  \\$a"December 2006"
=504  \\$aIncludes bibliographical references (p. 37-42).
=530  \\$aAlso available in PDF from the NBER world wide web site (www.nber.org).
=540  \\$aBritish Library not licensed to copy$c0$5Uk
=650  \0$aEconomics$xStatistical methods.
=700  1\$aGiannoni, Marc Paolo,$d1969-
=710  2\$aNational Bureau of Economic Research.
=830  \0$aNBER technical working paper series ;$vworking paper no. 332.
=852  41$aBritish Library$bDSC$j8732.374000$ino. 332
=856  41$uhttp://www.nber.org/papers/T0332.pdf$zClick here to download PDF file
=985  \\$aProvisional record - DSC
=CAT  \\$a10775$b40$c20070129$lBLL01$h1422
=CAT  \\$aBATCH-CLA$b00$c20210507$lBLL01$h0300
=CAT  \\$aBATCH-UPD$b00$c20210507$lBLL01$h0607
=CAT  \\$aBATCH-CLA$b00$c20210508$lBLL01$h0134
=CAT  \\$aW2308-1659$c20230923$lBLL01$h1034
=CAT  \\$aBATCH-CLA$b00$c20230924$lBLL01$h0641
=CFI  0\$aBritish Library not licensed to copy$c0$e07-sep-2011$hC$iTX$5Uk
=FIN  \\$aY$d20070129
=FMT  \\$a  BK
=LAS  \\$aBATCH-CLA$b00$c20230924$lBLL01$h0641
=SID  \\$aZ39$bOCLC
=TCO  \\$aTRS$bCCC$c008

