=LDR  01959cam a22004937a 4500
=001  013654170
=003  Uk
=005  20230924064109.0
=007  cr\bn|||||||||
=008  070123s2006\\\\mau\\\\\\b\\\\000\0\eng\d
=035  \\$a(OCoLC)79650971
=040  \\$aGZM$cGZM
=100  1\$aDuflo, Esther,$d1972-
=245  10$aUsing randomization in development economics research :$ba toolkit /$cEsther Duflo, Rachel Glennerster, Michael Kremer.
=260  \\$aCambridge, Mass. :$bNational Bureau of Economic Research,$cc2006.
=300  \\$a86, [1] p. :$bill. ;$c22 cm.
=336  \\$atext$2rdacontent
=337  \\$acomputer$2rdamedia
=338  \\$aonline resource$2rdacarrier
=490  1\$aNBER working paper paper series ;$vno. 333
=500  \\$a"December 2006"
=504  \\$aIncludes bibliographical references (p. 76-86).
=530  \\$aAlso available in PDF from the NBER world wide web site (www.nber.org).
=540  \\$aBritish Library not licensed to copy$c0$5Uk
=650  \0$aDevelopment economics$xResearch$xStatistical methods.
=700  1\$aGlennerster, Rachel.
=700  1\$aKremer, Michael,$d1964-
=710  2\$aNational Bureau of Economic Research.
=830  \0$aNBER technical working paper series ;$vworking paper no. 333.
=852  41$aBritish Library$bDSC$j8732.374000$ino. 333
=856  41$uhttp://www.nber.org/papers/T0333.pdf$zClick here to download PDF file
=985  \\$aProvisional record - DSC
=CAT  \\$a10775$b40$c20070129$lBLL01$h1425
=CAT  \\$aBATCH-CLA$b00$c20210507$lBLL01$h0300
=CAT  \\$aBATCH-UPD$b00$c20210507$lBLL01$h0607
=CAT  \\$aBATCH-CLA$b00$c20210508$lBLL01$h0134
=CAT  \\$aW2308-1659$c20230923$lBLL01$h1034
=CAT  \\$aBATCH-CLA$b00$c20230924$lBLL01$h0641
=CFI  0\$aBritish Library not licensed to copy$c0$e07-sep-2011$hC$iTX$5Uk
=FIN  \\$aY$d20070129
=FMT  \\$a  BK
=LAS  \\$aBATCH-CLA$b00$c20230924$lBLL01$h0641
=SID  \\$aZ39$bOCLC
=TCO  \\$aTRS$bCCC$c008

