=LDR  02653cam a22006497a 4500
=001  013654598
=003  Uk
=005  20230924064910.0
=007  cr\mn|||||||||
=008  070104s2006\\\\mauab\\\\b\\\\000\0\eng\d
=035  \\$a(OCoLC)77530658
=040  \\$aIUL$cIUL$dGZM
=043  \\$an-us---
=100  1\$aList, John A.,$d1968-
=245  10$aIs the Endangered Species Act endangering species? /$cJohn A. List, Michael Margolis, Daniel E. Osgood.
=260  \\$aCambridge, Mass. :$bNational Bureau of Economic Research,$cc2006.
=300  \\$a43 p. :$bill., map ;$c22 cm.
=336  \\$atext$2rdacontent
=337  \\$acomputer$2rdamedia
=338  \\$aonline resource$2rdacarrier
=490  1\$aNBER working paper series ;$vno. 12777
=500  \\$a"December 2006"
=504  \\$aIncludes bibliographical references (p. 28-29).
=530  \\$aAlso available in PDF from the NBER world wide web site (www.nber.org).
=540  \\$aBritish Library not licensed to copy$c0$5Uk
=610  10$aUnited States.$tEndangered Species Act of 1973.
=650  \0$aWildlife conservation$xEconomic aspects$zUnited States.
=650  \0$aLand use$zUnited States.
=700  1\$aMargolis, Michael.
=700  1\$aOsgood, Daniel Edward.
=710  2\$aNational Bureau of Economic Research.
=830  \0$aWorking paper series (National Bureau of Economic Research) ;$vworking paper no. 12777.
=852  41$aBritish Library$bDSC$j6067.719500$ino. 12777
=856  41$uhttp://www.nber.org/papers/W12777.pdf$zClick here to download PDF file
=985  \\$aProvisional record - DSC
=ACF  \\$aBritish Library not licensed to copy$c0$e01-oct-2013$hC$iCFP Excluded$5Uk
=CAT  \\$a7164$b40$c20070130$lBLL01$h0910
=CAT  \\$aBATCH-CLA$b00$c20130527$lBLL01$h0130
=CAT  \\$aBATCH-CLA$b00$c20130630$lBLL01$h1629
=CAT  \\$aIPL-CLA$c20130701$lBLL01$h0104
=CAT  \\$aBATCH-CLA$b00$c20130702$lBLL01$h0201
=CAT  \\$aBATCH-CLA$b00$c20130929$lBLL01$h1618
=CAT  \\$aIPL-CLA$c20130930$lBLL01$h1749
=CAT  \\$aBATCH-CLA$b00$c20131202$lBLL01$h0328
=CAT  \\$aIPL-CLA$c20140101$lBLL01$h0014
=CAT  \\$aBATCH-CLA$b00$c20140327$lBLL01$h1829
=CAT  \\$aIPL-CLA$c20140331$lBLL01$h1630
=CAT  \\$aBATCH-UPD$b00$c20211217$lBLL01$h2053
=CAT  \\$aBATCH-CLA$b00$c20211218$lBLL01$h0138
=CAT  \\$aW2308-1659$c20230923$lBLL01$h1034
=CAT  \\$aBATCH-CLA$b00$c20230924$lBLL01$h0649
=CFI  0\$aBritish Library not licensed to copy$c0$e01-apr-2014$hC$iCFP Excluded$5Uk
=FIN  \\$aY$d20070130
=FMT  \\$a  BK
=LAS  \\$aBATCH-CLA$b00$c20230924$lBLL01$h0649
=SID  \\$aZ39$bOCLC
=TCO  \\$aTRS$bCCC$c008

