=LDR  01699cam a22004097a 4500
=001  013654604
=003  Uk
=005  20070130091247.0
=007  cr\bn|||||||||
=008  070108s2006\\\\mau\\\\\\b\\\\000\0\eng\d
=035  \\$a(OCoLC)77551889
=040  \\$aIUL$cIUL$dGZM
=100  1\$aWeisbach, Michael S.$q(Michael Steven)
=245  10$aOptimal executive compensation vs. managerial power :$ba review of Lucian Bebchuk and Jesse Fried's "Pay without performance: the unfulfilled promise of executive compensation" /$cMichael S. Weisbach.
=260  \\$aCambridge, Mass. :$bNational Bureau of Economic Research,$cc2006.
=300  \\$a17 p. ;$c22 cm.
=336  \\$atext$2rdacontent
=337  \\$acomputer$2rdamedia
=338  \\$aonline resource$2rdacarrier
=490  1\$aNBER working paper series ;$vno. 12798
=500  \\$a"December 2006"
=504  \\$aIncludes bibliographical references (p. 17).
=530  \\$aAlso available in PDF from the NBER world wide web site (www.nber.org).
=600  10$aBebchuk, Lucian A.$tPay without performance.
=650  \0$aExecutives$xSalaries, etc.
=710  2\$aNational Bureau of Economic Research.
=830  \0$aWorking paper series (National Bureau of Economic Research) ;$vworking paper no. 12798.
=852  41$aBritish Library$bDSC$j6067.179500$ino. 12798
=856  41$uhttp://www.nber.org/papers/W12798.pdf$zClick here to download PDF file
=985  \\$aProvisional record - DSC
=CAT  \\$a9504$b40$c20070130$lBLL01$h0912
=CAT  \\$aBATCH-UPD$b40$c20210422$lBLL01$h2047
=CAT  \\$aW2308-1659$c20230923$lBLL01$h1034
=FIN  \\$aY$d20070130
=FMT  \\$a  BK
=LAS  \\$aW2308-1659$b00$c20230923$lBLL01$h1034
=SID  \\$aZ39$bOCLC

