=LDR  01652cam a22004097a 4500
=001  013654676
=003  Uk
=005  20070130094515.0
=007  cr\bn|||||||||
=008  070104s2006\\\\maua\\\\\b\\\\000\0\eng\d
=035  \\$a(OCoLC)77530587
=040  \\$aIUL$cIUL$dGZM
=100  1\$aCard, David E.$q(David Edward),$d1956-
=245  14$aThe dynamic effects of an earnings subsidy for long-term welfare recipients :$bevidence from the SSP applicant experiment /$cDavid Card, Dean R. Hyslop.
=260  \\$aCambridge, Mass. :$bNational Bureau of Economic Research,$cc2006.
=300  \\$a36, [21] p. :$bill. ;$c22 cm.
=336  \\$atext$2rdacontent
=337  \\$acomputer$2rdamedia
=338  \\$aonline resource$2rdacarrier
=490  1\$aNBER working paper series ;$vno. 12774
=500  \\$a"December 2006"
=504  \\$aIncludes bibliographical references (p. 35-36).
=530  \\$aAlso available in PDF from the NBER world wide web site (www.nber.org).
=650  \0$aPublic welfare$xEconomic aspects.
=700  1\$aHyslop, Dean Robert,$d1962-
=710  2\$aNational Bureau of Economic Research.
=830  \0$aWorking paper series (National Bureau of Economic Research) ;$vworking paper no. 12774.
=852  41$aBritish Library$bDSC$j12774$ino. 12774
=856  41$uhttp://www.nber.org/papers/W12774.pdf$zClick here to download PDF file
=985  \\$aProvisional record - DSC
=CAT  \\$a9504$b40$c20070130$lBLL01$h0945
=CAT  \\$aBATCH-UPD$b40$c20180621$lBLL01$h2035
=CAT  \\$aW2308-1659$c20230923$lBLL01$h1034
=FIN  \\$aY$d20070130
=FMT  \\$a  BK
=LAS  \\$aW2308-1659$b00$c20230923$lBLL01$h1034
=SID  \\$aZ39$bOCLC

