=LDR  02786cam a22006737a 4500
=001  013654927
=003  Uk
=005  20230924064911.0
=007  cr\bn|||||||||
=008  070105s2006\\\\mau\\\\\\b\\\\000\0\eng\d
=035  \\$a(OCoLC)77538467
=040  \\$aIUL$cIUL$dGZM
=043  \\$aa-cc---
=100  1\$aWhalley, John.
=245  10$aState-owned enterprise behaviour responses to trade reforms :$bsome analytics and numerical simulation results using Chinese data /$cJohn Whalley, Shunming Zhang.
=246  3\$aState-owned enterprise behavior responses to trade reforms
=260  \\$aCambridge, Mass. :$bNational Bureau of Economic Research,$cc2006.
=300  \\$a29 p. ;$c22 cm.
=336  \\$atext$2rdacontent
=337  \\$acomputer$2rdamedia
=338  \\$aonline resource$2rdacarrier
=490  1\$aNBER working paper series ;$vno. 12780
=500  \\$a"December 2006"
=504  \\$aIncludes bibliographical references (p. 28-29).
=530  \\$aAlso available in PDF from the NBER world wide web site (www.nber.org).
=540  \\$aBritish Library not licensed to copy$c0$5Uk
=650  \0$aGovernment ownership$zChina.
=650  \0$aTrade regulation$zChina.
=651  \0$aChina$xCommercial policy.
=700  1\$aZhang, Shunming,$d1966-
=710  2\$aNational Bureau of Economic Research.
=830  \0$aWorking paper series (National Bureau of Economic Research) ;$vworking paper no. 12780.
=852  41$aBritish Library$bDSC$j6067.719500$ino. 12780
=856  41$uhttp://www.nber.org/papers/W12780.pdf$zClick here to download PDF file
=985  \\$aProvisional record - DSC
=ACF  \\$aBritish Library not licensed to copy$c0$e01-oct-2013$hC$iCFP Excluded$5Uk
=CAT  \\$a7233$b40$c20070130$lBLL01$h1203
=CAT  \\$aBATCH-UPD$b40$c20080916$lBLL01$h2150
=CAT  \\$a12179$b40$c20080918$lBLL01$h1002
=CAT  \\$aBATCH-CLA$b00$c20130527$lBLL01$h0130
=CAT  \\$aBATCH-CLA$b00$c20130630$lBLL01$h1629
=CAT  \\$aIPL-CLA$c20130701$lBLL01$h0104
=CAT  \\$aBATCH-CLA$b00$c20130702$lBLL01$h0201
=CAT  \\$aBATCH-CLA$b00$c20130929$lBLL01$h1618
=CAT  \\$aIPL-CLA$c20130930$lBLL01$h1749
=CAT  \\$aBATCH-CLA$b00$c20131202$lBLL01$h0328
=CAT  \\$aIPL-CLA$c20140101$lBLL01$h0014
=CAT  \\$aBATCH-CLA$b00$c20140327$lBLL01$h1829
=CAT  \\$aIPL-CLA$c20140331$lBLL01$h1630
=CAT  \\$aBATCH-UPD$b00$c20211217$lBLL01$h2054
=CAT  \\$aBATCH-CLA$b00$c20211218$lBLL01$h0138
=CAT  \\$aW2308-1659$c20230923$lBLL01$h1034
=CAT  \\$aBATCH-CLA$b00$c20230924$lBLL01$h0649
=CFI  0\$aBritish Library not licensed to copy$c0$e01-apr-2014$hC$iCFP Excluded$5Uk
=FIN  \\$aY$d20070130
=FMT  \\$a  BK
=LAS  \\$aBATCH-CLA$b00$c20230924$lBLL01$h0649
=SID  \\$aZ39$bOCLC
=TCO  \\$aTRS$bCCC$c008

