=LDR  02678cam a22006497a 4500
=001  013655020
=003  Uk
=005  20230924064911.0
=007  cr\mn|||||||||
=008  070105s2006\\\\mauab\\\\b\\\\000\0\eng\d
=035  \\$a(OCoLC)77538655
=040  \\$aIUL$cIUL$dGZM
=043  \\$as-ck---
=100  1\$aChacoon, Mario.
=245  10$aWhen is democracy an equilibrium? :$btheory and evidence from Colombia's "La Violencia" /$cMario Chacon, James A. Robinson, Ragnar Torvik.
=260  \\$aCambridge, Mass. :$bNational Bureau of Economic Research,$cc2006.
=300  \\$a32, [11] p. :$bill., maps ;$c22 cm.
=336  \\$atext$2rdacontent
=337  \\$acomputer$2rdamedia
=338  \\$aonline resource$2rdacarrier
=490  1\$aNBER working paper series ;$vno. 12789
=500  \\$a"December 2006"
=504  \\$aIncludes bibliographical references (p. 29-32).
=530  \\$aAlso available in PDF from the NBER world wide web site (www.nber.org).
=540  \\$aBritish Library not licensed to copy$c0$5Uk
=650  \0$aDemocracy$xEconometric models.
=650  \0$aPolitical violence$xEconometric models.
=651  \0$aColombia$xPolitics and government$y1946-1974.
=700  1\$aRobinson, James A.,$d1960-
=700  1\$aTorvik, Ragnar.
=710  2\$aNational Bureau of Economic Research.
=830  \0$aWorking paper series (National Bureau of Economic Research) ;$vworking paper no. 12789.
=852  41$aBritish Library$bDSC$j6067.719500$ino. 12789
=856  41$uhttp://www.nber.org/papers/W12789.pdf$zClick here to download PDF file
=985  \\$aProvisional record - DSC
=ACF  \\$aBritish Library not licensed to copy$c0$e01-oct-2013$hC$iCFP Excluded$5Uk
=CAT  \\$a7233$b40$c20070130$lBLL01$h1325
=CAT  \\$aBATCH-CLA$b00$c20130527$lBLL01$h0130
=CAT  \\$aBATCH-CLA$b00$c20130630$lBLL01$h1629
=CAT  \\$aIPL-CLA$c20130701$lBLL01$h0104
=CAT  \\$aBATCH-CLA$b00$c20130702$lBLL01$h0201
=CAT  \\$aBATCH-CLA$b00$c20130929$lBLL01$h1618
=CAT  \\$aIPL-CLA$c20130930$lBLL01$h1749
=CAT  \\$aBATCH-CLA$b00$c20131202$lBLL01$h0328
=CAT  \\$aIPL-CLA$c20140101$lBLL01$h0014
=CAT  \\$aBATCH-CLA$b00$c20140327$lBLL01$h1829
=CAT  \\$aIPL-CLA$c20140331$lBLL01$h1630
=CAT  \\$aBATCH-UPD$b00$c20210722$lBLL01$h2108
=CAT  \\$aBATCH-CLA$b00$c20210723$lBLL01$h0107
=CAT  \\$aW2308-1659$c20230923$lBLL01$h1034
=CAT  \\$aBATCH-CLA$b00$c20230924$lBLL01$h0649
=CFI  0\$aBritish Library not licensed to copy$c0$e01-apr-2014$hC$iCFP Excluded$5Uk
=FIN  \\$aY$d20070130
=FMT  \\$a  BK
=LAS  \\$aBATCH-CLA$b00$c20230924$lBLL01$h0649
=SID  \\$aZ39$bOCLC
=TCO  \\$aTRS$bCCC$c008

