=LDR  02623cam a22006377a 4500
=001  013655025
=003  Uk
=005  20230924064911.0
=007  cr\mn|||||||||
=008  070108s2006\\\\maua\\\\\b\\\\000\0\eng\d
=035  \\$a(OCoLC)77551638
=040  \\$aIUL$cIUL$dGZM
=100  1\$aPástor, Luboš.
=245  10$aEntrepreneurial learning, the IPO decision, and the post-IPO drop in firm profitability /$cLubos Pastor, Lucian Taylor, Pietro Veronesi.
=260  \\$aCambridge, Mass. :$bNational Bureau of Economic Research,$cc2006.
=300  \\$a45 p. :$bill. ;$c22 cm.
=336  \\$atext$2rdacontent
=337  \\$acomputer$2rdamedia
=338  \\$aonline resource$2rdacarrier
=490  1\$aNBER working paper series ;$vno. 12792
=500  \\$a"December 2006"
=504  \\$aIncludes bibliographical references (p. 44-45).
=530  \\$aAlso available in PDF from the NBER world wide web site (www.nber.org).
=540  \\$aBritish Library not licensed to copy$c0$5Uk
=650  \0$aGoing public (Securities)
=650  \0$aCorporations$xFinance$xEconometric models.
=700  1\$aTaylor, Lucian.
=700  1\$aVeronesi, Pietro.
=710  2\$aNational Bureau of Economic Research.
=830  \0$aWorking paper series (National Bureau of Economic Research) ;$vworking paper no. 12792.
=852  41$aBritish Library$bDSC$j6067.719500$ino. 12792
=856  41$uhttp://www.nber.org/papers/W12792.pdf$zClick here to download PDF file
=985  \\$aProvisional record - DSC
=ACF  \\$aBritish Library not licensed to copy$c0$e01-oct-2013$hC$iCFP Excluded$5Uk
=CAT  \\$a7233$b40$c20070130$lBLL01$h1329
=CAT  \\$aBATCH-UPD$b40$c20090310$lBLL01$h0129
=CAT  \\$aBATCH-CLA$b00$c20130527$lBLL01$h0130
=CAT  \\$aBATCH-CLA$b00$c20130630$lBLL01$h1629
=CAT  \\$aIPL-CLA$c20130701$lBLL01$h0104
=CAT  \\$aBATCH-CLA$b00$c20130702$lBLL01$h0201
=CAT  \\$aBATCH-CLA$b00$c20130929$lBLL01$h1618
=CAT  \\$aIPL-CLA$c20130930$lBLL01$h1749
=CAT  \\$aBATCH-CLA$b00$c20131202$lBLL01$h0328
=CAT  \\$aIPL-CLA$c20140101$lBLL01$h0014
=CAT  \\$aBATCH-CLA$b00$c20140327$lBLL01$h1829
=CAT  \\$aIPL-CLA$c20140331$lBLL01$h1630
=CAT  \\$aBATCH-UPD$b00$c20180323$lBLL01$h2051
=CAT  \\$aBATCH-CLA$b00$c20180324$lBLL01$h0131
=CAT  \\$aW2308-1659$c20230923$lBLL01$h1034
=CAT  \\$aBATCH-CLA$b00$c20230924$lBLL01$h0649
=CFI  0\$aBritish Library not licensed to copy$c0$e01-apr-2014$hC$iCFP Excluded$5Uk
=FIN  \\$aY$d20070130
=FMT  \\$a  BK
=LAS  \\$aBATCH-CLA$b00$c20230924$lBLL01$h0649
=SID  \\$aZ39$bOCLC
=TCO  \\$aTRS$bCCC$c008

