=LDR  02516cam a22006017a 4500
=001  013655062
=003  Uk
=005  20230924064911.0
=007  cr\bn|||||||||
=008  070110s2006\\\\mauab\\\\b\\\\000\0\eng\d
=035  \\$a(OCoLC)77569292
=040  \\$aIUL$cIUL$dGZM
=100  10$aCullen, Joseph.
=245  10$aDid big government's largesse help the locals? :$bthe implications of WWII spending for local economic activity, 1939-1958 /$cJoseph Cullen, Price V. Fishback.
=260  \\$aCambridge, Mass. :$bNational Bureau of Economic Research,$cc2006.
=300  \\$a1 v. :$bill., maps ;$c22 cm.
=336  \\$atext$2rdacontent
=337  \\$acomputer$2rdamedia
=338  \\$aonline resource$2rdacarrier
=490  1\$aNBER working paper series ;$vno. 12801
=500  \\$a"December 2006"
=504  \\$aIncludes bibliographical references.
=530  \\$aAlso available in PDF from the NBER world wide web site (www.nber.org).
=540  \\$aBritish Library not licensed to copy$c0$5Uk
=650  \0$aWorld War, 1939-1945$xEconomic aspects.
=700  1\$aFishback, Price Van Meter.
=710  2\$aNational Bureau of Economic Research.
=830  \0$aWorking paper series (National Bureau of Economic Research) ;$vworking paper no. 12801.
=852  41$aBritish Library$bDSC$j6067.719500$ino. 12801
=856  41$uhttp://www.nber.org/papers/W12801.pdf$zClick here to download PDF file
=985  \\$aProvisional record - DSC
=ACF  \\$aBritish Library not licensed to copy$c0$e01-oct-2013$hC$iCFP Excluded$5Uk
=CAT  \\$a7233$b40$c20070130$lBLL01$h1352
=CAT  \\$aBATCH-CLA$b00$c20130527$lBLL01$h0130
=CAT  \\$aBATCH-CLA$b00$c20130630$lBLL01$h1629
=CAT  \\$aIPL-CLA$c20130701$lBLL01$h0104
=CAT  \\$aBATCH-CLA$b00$c20130702$lBLL01$h0201
=CAT  \\$aBATCH-CLA$b00$c20130929$lBLL01$h1618
=CAT  \\$aIPL-CLA$c20130930$lBLL01$h1749
=CAT  \\$aBATCH-CLA$b00$c20131202$lBLL01$h0328
=CAT  \\$aIPL-CLA$c20140101$lBLL01$h0014
=CAT  \\$aBATCH-CLA$b00$c20140327$lBLL01$h1829
=CAT  \\$aIPL-CLA$c20140331$lBLL01$h1630
=CAT  \\$aBATCH-UPD$b00$c20181019$lBLL01$h2042
=CAT  \\$aBATCH-CLA$b00$c20181020$lBLL01$h0123
=CAT  \\$aW2308-1659$c20230923$lBLL01$h1035
=CAT  \\$aBATCH-CLA$b00$c20230924$lBLL01$h0649
=CFI  0\$aBritish Library not licensed to copy$c0$e01-apr-2014$hC$iCFP Excluded$5Uk
=FIN  \\$aY$d20070130
=FMT  \\$a  BK
=LAS  \\$aBATCH-CLA$b00$c20230924$lBLL01$h0649
=SID  \\$aZ39$bOCLC
=TCO  \\$aTRS$bCCC$c008

