=LDR  02675cam a22006497a 4500
=001  013676847
=003  Uk
=005  20230924064912.0
=007  cr\mn|||||||||
=008  070126s2007\\\\mau\\\\\\b\\\\000\0\eng\d
=035  \\$a(OCoLC)80214473
=040  \\$aIUL$cIUL$dGZM
=043  \\$an-us---
=100  1\$aKhan, Nasreen.
=245  10$aPrescription drug insurance and its effect on utilization and health of the elderly /$cNasreen Khan, Robert Kaestner, Swu Jane Lin.
=260  \\$aCambridge, Mass. :$bNational Bureau of Economic Research,$cc2007.
=300  \\$a47 p. :$bill. ;$c22 cm.
=336  \\$atext$2rdacontent
=337  \\$acomputer$2rdamedia
=338  \\$aonline resource$2rdacarrier
=490  1\$aNBER working paper series ;$vno. 12848
=500  \\$a"January 2007"
=504  \\$aIncludes bibliographical references (p. 29-33).
=530  \\$aAlso available in PDF from the NBER world wide web site (www.nber.org).
=540  \\$aBritish Library not licensed to copy$c0$5Uk
=650  \0$aOlder people$xPharmaceutical assistance$zUnited States$xMathematical models.
=650  \0$aPrescription pricing$zUnited States$xMathematical models.
=650  \0$aMedicare.
=700  1\$aKaestner, Robert.
=700  1\$aLin, Swu Jane.
=710  2\$aNational Bureau of Economic Research.
=830  \0$aWorking paper series (National Bureau of Economic Research) ;$vworking paper no. 12848.
=852  41$aBritish Library$bDSC$j6067.719500$ino. 12848
=856  41$uhttp://www.nber.org/papers/W12848.pdf$zClick here to download PDF file
=985  \\$aProvisional record - DSC
=ACF  \\$aBritish Library not licensed to copy$c0$e01-oct-2013$hC$iCFP Excluded$5Uk
=CAT  \\$a7233$b40$c20070220$lBLL01$h0918
=CAT  \\$aBATCH-CLA$b00$c20130527$lBLL01$h0130
=CAT  \\$aBATCH-CLA$b00$c20130630$lBLL01$h1629
=CAT  \\$aIPL-CLA$c20130701$lBLL01$h0105
=CAT  \\$aBATCH-CLA$b00$c20130702$lBLL01$h0201
=CAT  \\$aBATCH-CLA$b00$c20130929$lBLL01$h1618
=CAT  \\$aIPL-CLA$c20130930$lBLL01$h1750
=CAT  \\$aBATCH-CLA$b00$c20131202$lBLL01$h0328
=CAT  \\$aIPL-CLA$c20140101$lBLL01$h0015
=CAT  \\$aBATCH-CLA$b00$c20140327$lBLL01$h1829
=CAT  \\$aIPL-CLA$c20140331$lBLL01$h1630
=CAT  \\$aBATCH-UPD$b00$c20181205$lBLL01$h1628
=CAT  \\$aBATCH-CLA$b00$c20181206$lBLL01$h0108
=CAT  \\$aW2308-1659$c20230923$lBLL01$h1035
=CAT  \\$aBATCH-CLA$b00$c20230924$lBLL01$h0649
=CFI  0\$aBritish Library not licensed to copy$c0$e01-apr-2014$hC$iCFP Excluded$5Uk
=FIN  \\$aY$d20070220
=FMT  \\$a  BK
=LAS  \\$aBATCH-CLA$b00$c20230924$lBLL01$h0649
=SID  \\$aZ39$bOCLC
=TCO  \\$aTRS$bCCC$c008

