=LDR  02559cam a22006377a 4500
=001  013676963
=003  Uk
=005  20230924064912.0
=007  cr\mn|||||||||
=008  070126s2007\\\\maua\\\\\b\\\\000\0\eng\d
=035  \\$a(OCoLC)80213532
=040  \\$aIUL$cIUL$dGZM
=100  10$aBorghans, L.
=245  10$aInterpersonal styles and labor market outcomes /$cLex Borghans Bas ter Weel, Bruce A. Weinberg.
=260  \\$aCambridge, Mass. :$bNational Bureau of Economic Research,$cc2007.
=300  \\$a59 p. :$bill. ;$c22 cm.
=336  \\$atext$2rdacontent
=337  \\$acomputer$2rdamedia
=338  \\$aonline resource$2rdacarrier
=490  1\$aNBER working paper series ;$vno. 12846
=500  \\$a"January 2007"
=504  \\$aIncludes bibliographical references (p. 34-36).
=530  \\$aAlso available in PDF from the NBER world wide web site (www.nber.org).
=540  \\$aBritish Library not licensed to copy$c0$5Uk
=650  \0$aInterpersonal relations$xEconomic aspects.
=650  \0$aSocial skills$xEconomic aspects.
=650  \0$aLabor market.
=700  1\$aTer Weel, Bas.
=700  1\$aWeinberg, Bruce A.
=710  2\$aNational Bureau of Economic Research.
=830  \0$aWorking paper series (National Bureau of Economic Research) ;$vworking paper no. 12846.
=852  41$aBritish Library$bDSC$j6067.719500$ino. 12846
=856  41$uhttp://www.nber.org/papers/W12846.pdf$zClick here to download PDF file
=985  \\$aProvisional record - DSC
=ACF  \\$aBritish Library not licensed to copy$c0$e01-oct-2013$hC$iCFP Excluded$5Uk
=CAT  \\$a7233$b40$c20070220$lBLL01$h1033
=CAT  \\$aBATCH-CLA$b00$c20130527$lBLL01$h0130
=CAT  \\$aBATCH-CLA$b00$c20130630$lBLL01$h1629
=CAT  \\$aIPL-CLA$c20130701$lBLL01$h0105
=CAT  \\$aBATCH-CLA$b00$c20130702$lBLL01$h0201
=CAT  \\$aBATCH-CLA$b00$c20130929$lBLL01$h1618
=CAT  \\$aIPL-CLA$c20130930$lBLL01$h1750
=CAT  \\$aBATCH-CLA$b00$c20131202$lBLL01$h0328
=CAT  \\$aIPL-CLA$c20140101$lBLL01$h0015
=CAT  \\$aBATCH-CLA$b00$c20140327$lBLL01$h1829
=CAT  \\$aIPL-CLA$c20140331$lBLL01$h1630
=CAT  \\$aBATCH-UPD$b00$c20201119$lBLL01$h1749
=CAT  \\$aBATCH-CLA$b00$c20201120$lBLL01$h0110
=CAT  \\$aW2308-1659$c20230923$lBLL01$h1035
=CAT  \\$aBATCH-CLA$b00$c20230924$lBLL01$h0649
=CFI  0\$aBritish Library not licensed to copy$c0$e01-apr-2014$hC$iCFP Excluded$5Uk
=FIN  \\$aY$d20070220
=FMT  \\$a  BK
=LAS  \\$aBATCH-CLA$b00$c20230924$lBLL01$h0649
=SID  \\$aZ39$bOCLC
=TCO  \\$aTRS$bCCC$c008

