=LDR  02544cam a22006257a 4500
=001  013690252
=003  Uk
=005  20230924064913.0
=007  cr\bn|||||||||
=008  070125s2007\\\\maua\\\\\b\\\\000\0\eng\d
=035  \\$a(OCoLC)80020891
=040  \\$aIUL$cIUL$dIUL$dGZM
=043  \\$ad------
=100  1\$aSoares, Rodrigo Reis.
=245  10$aOn the determinants of mortality reductions in the developing world /$cRodrigo R. Soares.
=260  \\$aCambridge, Mass. :$bNational Bureau of Economic Research,$cc2007.
=300  \\$a52 p. :$bill. ;$c22 cm.
=336  \\$atext$2rdacontent
=337  \\$acomputer$2rdamedia
=338  \\$aonline resource$2rdacarrier
=490  1\$aNBER working paper series ;$vno. 12837
=500  \\$a"January 2007"
=504  \\$aIncludes bibliographical references (p. 39-44).
=530  \\$aAlso available in PDF from the NBER world wide web site (www.nber.org).
=540  \\$aBritish Library not licensed to copy$c0$5Uk
=650  \0$aMortality$zDeveloping countries.
=650  \0$aLife expectancy$zDeveloping countries.
=650  \0$aPublic health$zDeveloping countries.
=710  2\$aNational Bureau of Economic Research.
=830  \0$aWorking paper series (National Bureau of Economic Research) ;$vworking paper no. 12837.
=852  41$aBritish Library$bDSC$j6067.719500$ino. 12837
=856  41$uhttp://www.nber.org/papers/W12837.pdf$zClick here to download PDF file
=985  \\$aProvisional record - DSC
=ACF  \\$aBritish Library not licensed to copy$c0$e01-oct-2013$hC$iCFP Excluded$5Uk
=CAT  \\$a7164$b40$c20070307$lBLL01$h1136
=CAT  \\$aBATCH-CLA$b00$c20130527$lBLL01$h0130
=CAT  \\$aBATCH-CLA$b00$c20130630$lBLL01$h1629
=CAT  \\$aIPL-CLA$c20130701$lBLL01$h0105
=CAT  \\$aBATCH-CLA$b00$c20130702$lBLL01$h0201
=CAT  \\$aBATCH-CLA$b00$c20130929$lBLL01$h1618
=CAT  \\$aIPL-CLA$c20130930$lBLL01$h1750
=CAT  \\$aBATCH-CLA$b00$c20131202$lBLL01$h0328
=CAT  \\$aIPL-CLA$c20140101$lBLL01$h0016
=CAT  \\$aBATCH-CLA$b00$c20140327$lBLL01$h1829
=CAT  \\$aIPL-CLA$c20140331$lBLL01$h1630
=CAT  \\$aBATCH-UPD$b00$c20190320$lBLL01$h1640
=CAT  \\$aBATCH-CLA$b00$c20190321$lBLL01$h0110
=CAT  \\$aW2308-1659$c20230923$lBLL01$h1036
=CAT  \\$aBATCH-CLA$b00$c20230924$lBLL01$h0649
=CFI  0\$aBritish Library not licensed to copy$c0$e01-apr-2014$hC$iCFP Excluded$5Uk
=FIN  \\$aY$d20070307
=FMT  \\$a  BK
=LAS  \\$aBATCH-CLA$b00$c20230924$lBLL01$h0649
=SID  \\$aZ39$bOCLC
=TCO  \\$aTRS$bCCC$c008

