=LDR  02606cam a22006257a 4500
=001  013690407
=003  Uk
=005  20230924064913.0
=007  cr\bn|||||||||
=008  070130s2007\\\\maua\\\\\b\\\\000\0\eng\d
=035  \\$a(OCoLC)80784319
=040  \\$aIUL$cIUL$dIUL$dGZM
=100  1\$aAntràs, Pol,$d1975-
=245  10$aMultinational firms, FDI flows and imperfect capital markets /$cPol Antras, Mihir A. Desai, C. Fritz Foley.
=260  \\$aCambridge, Mass. :$bNational Bureau of Economic Research,$cc2007.
=300  \\$a42, [6] p. ;$bill. ;$c22 cm.
=336  \\$atext$2rdacontent
=337  \\$acomputer$2rdamedia
=338  \\$aonline resource$2rdacarrier
=490  1\$aNBER working paper series ;$vno. 12855
=500  \\$a"January 2007"
=504  \\$aIncludes bibliographical references (p. 39-42).
=530  \\$aAlso available in PDF from the NBER world wide web site (www.nber.org).
=540  \\$aBritish Library not licensed to copy$c0$5Uk
=650  \0$aInternational business enterprises$xFinance$xMathematical models.
=700  1\$aDesai, Mihir A.$q(Mihir Arvind),$d1968-
=700  1\$aFoley, C. Fritz.
=710  2\$aNational Bureau of Economic Research.
=830  \0$aWorking paper series (National Bureau of Economic Research) ;$vworking paper no. 12855.
=852  41$aBritish Library$bDSC$j6067.719500$ino. 12855
=856  41$uhttp://nber.org/papers/W12855.pdf$zClick here to download PDF file
=985  \\$aProvisional record - DSC
=ACF  \\$aBritish Library not licensed to copy$c0$e01-oct-2013$hC$iCFP Excluded$5Uk
=CAT  \\$a7164$b40$c20070307$lBLL01$h1342
=CAT  \\$aBATCH-CLA$b00$c20130527$lBLL01$h0130
=CAT  \\$aBATCH-CLA$b00$c20130630$lBLL01$h1629
=CAT  \\$aIPL-CLA$c20130701$lBLL01$h0105
=CAT  \\$aBATCH-CLA$b00$c20130702$lBLL01$h0201
=CAT  \\$aBATCH-CLA$b00$c20130929$lBLL01$h1618
=CAT  \\$aIPL-CLA$c20130930$lBLL01$h1750
=CAT  \\$aBATCH-CLA$b00$c20131202$lBLL01$h0328
=CAT  \\$aIPL-CLA$c20140101$lBLL01$h0016
=CAT  \\$aBATCH-CLA$b00$c20140327$lBLL01$h1829
=CAT  \\$aIPL-CLA$c20140331$lBLL01$h1630
=CAT  \\$aBATCH-UPD$b00$c20180719$lBLL01$h1611
=CAT  \\$aBATCH-UPD$b00$c20230714$lBLL01$h2322
=CAT  \\$aBATCH-CLA$b00$c20230715$lBLL01$h0105
=CAT  \\$aW2308-1659$c20230923$lBLL01$h1036
=CAT  \\$aBATCH-CLA$b00$c20230924$lBLL01$h0649
=CFI  0\$aBritish Library not licensed to copy$c0$e01-apr-2014$hC$iCFP Excluded$5Uk
=FIN  \\$aY$d20070307
=FMT  \\$a  BK
=LAS  \\$aBATCH-CLA$b00$c20230924$lBLL01$h0649
=SID  \\$aZ39$bOCLC
=TCO  \\$aTRS$bCCC$c008

