=LDR  01929cam a22004817a 4500
=001  013690441
=003  Uk
=005  20230924064109.0
=007  cr\bn|||||||||
=008  070202s2007\\\\maua\\\\\b\\\\000\0\eng\d
=035  \\$a(OCoLC)81297073
=040  \\$aGZM$cGZM
=043  \\$an-us-ca
=100  1\$aAbadie, Alberto.
=245  10$aSynthetic control methods for comparative case studies :$bestimating the effect of California's tobacco control program /$cAlberto Abadie, Alexis Diamond, Jens Hainmueller.
=260  \\$aCambridge, Mass. :$bNational Bureau of Economic Research,$cc2007.
=300  \\$a46 p. :$bill. ;$c22 cm.
=336  \\$atext$2rdacontent
=337  \\$acomputer$2rdamedia
=338  \\$aonline resource$2rdacarrier
=490  1\$aNBER technical working papers ;$vno. 335
=500  \\$a"January 2007"
=504  \\$aIncludes bibliographical references (p. 30-32).
=530  \\$aAlso available in PDF from the NBER world wide web site (www.nber.org).
=540  \\$aBritish Library not licensed to copy$c0$5Uk
=650  \0$aTobacco use$xLaw and legislation$zCalifornia$xMathematical models.
=700  1\$aDiamond, Alexis.
=700  1\$aHainmueller, Jens.
=710  2\$aNational Bureau of Economic Research.
=830  \0$aNBER technical working paper series ;$vno. 335.
=852  41$aBritish Library$bDSC$j8732.374000$ino. 335
=856  41$uhttp://www.nber.org/papers/T0335.pdf$zClick here to download PDF file
=985  \\$aProvisional record - DSC
=CAT  \\$a7164$b40$c20070307$lBLL01$h1407
=CAT  \\$aBATCH-UPD$b40$c20200412$lBLL01$h2053
=CAT  \\$aBATCH-CLA$b00$c20200413$lBLL01$h0102
=CAT  \\$aW2308-1659$c20230923$lBLL01$h1036
=CAT  \\$aBATCH-CLA$b00$c20230924$lBLL01$h0641
=CFI  0\$aBritish Library not licensed to copy$c0$e07-sep-2011$hC$iTX$5Uk
=FIN  \\$aY$d20070307
=FMT  \\$a  BK
=LAS  \\$aBATCH-CLA$b00$c20230924$lBLL01$h0641
=SID  \\$aZ39$bOCLC

