=LDR  02588cam a22006257a 4500
=001  013692360
=003  Uk
=005  20230924064913.0
=007  cr\mn|||||||||
=008  070213s2007\\\\maub\\\\\b\\\\000\0\eng\d
=035  \\$a(OCoLC)83302185
=040  \\$aIUL$cIUL$dGZM
=043  \\$af------
=100  1\$aConley, Dalton,$d1969-
=245  10$aAfrica's lagging demographic transition :$bevidence from exogenous impacts of malaria ecology and agricultural technology /$cDalton Conley, Gordon C. McCord, Jeffrey D. Sachs.
=260  \\$aCambridge, Mass. :$bNational Bureau of Economic Research,$cc2007.
=300  \\$a50 p. :$bmaps ;$c22 cm.
=336  \\$atext$2rdacontent
=337  \\$acomputer$2rdamedia
=338  \\$aonline resource$2rdacarrier
=490  1\$aNBER working paper series ;$vno. 12892
=500  \\$a"February 2007"
=504  \\$aIncludes bibliographical references (p. 34-39).
=530  \\$aAlso available in PDF from the NBER world wide web site (www.nber.org).
=540  \\$aBritish Library not licensed to copy$c0$5Uk
=650  \0$aPopulation forecasting$zAfrica.
=651  \0$aAfrica$xPopulation$xMathematical models.
=700  1\$aMcCord, Gordon C.
=700  1\$aSachs, Jeffrey.
=710  2\$aNational Bureau of Economic Research.
=830  \0$aWorking paper series (National Bureau of Economic Research) ;$vworking paper no. 12892.
=852  41$aBritish Library$bDSC$j6067.719500$ino. 12892
=856  41$uhttp://www.nber.org/papers/W12892.pdf$zClick here to download PDF file
=985  \\$aProvisional record - DSC
=ACF  \\$aBritish Library not licensed to copy$c0$e01-oct-2013$hC$iCFP Excluded$5Uk
=CAT  \\$a7233$b40$c20070312$lBLL01$h0858
=CAT  \\$aBATCH-CLA$b00$c20130527$lBLL01$h0130
=CAT  \\$aBATCH-CLA$b00$c20130630$lBLL01$h1629
=CAT  \\$aIPL-CLA$c20130701$lBLL01$h0105
=CAT  \\$aBATCH-CLA$b00$c20130702$lBLL01$h0201
=CAT  \\$aBATCH-CLA$b00$c20130929$lBLL01$h1618
=CAT  \\$aIPL-CLA$c20130930$lBLL01$h1750
=CAT  \\$aBATCH-CLA$b00$c20131202$lBLL01$h0328
=CAT  \\$aIPL-CLA$c20140101$lBLL01$h0016
=CAT  \\$aBATCH-CLA$b00$c20140327$lBLL01$h1829
=CAT  \\$aIPL-CLA$c20140331$lBLL01$h1630
=CAT  \\$aBATCH-UPD$b00$c20170309$lBLL01$h2048
=CAT  \\$aW2308-1659$c20230923$lBLL01$h1036
=CAT  \\$aBATCH-CLA$b00$c20230924$lBLL01$h0649
=CFI  0\$aBritish Library not licensed to copy$c0$e01-apr-2014$hC$iCFP Excluded$5Uk
=FIN  \\$aY$d20070312
=FMT  \\$a  BK
=LAS  \\$aBATCH-CLA$b00$c20230924$lBLL01$h0649
=SID  \\$aZ39$bOCLC
=TCO  \\$aTRS$bCCC$c008

