=LDR  02597cam a22006497a 4500
=001  013703546
=003  Uk
=005  20230924064914.0
=007  cr\bn|||||||||
=008  070302s2007\\\\mau\\\\\\b\\\\000\0\eng\d
=035  \\$a(OCoLC)85614762
=040  \\$aIUL$cIUL$dGZM$dUk
=100  10$aMattozzi, Andrea.
=245  10$aMediocracy /$cAndrea Mattozzi, Antonio Merlo.
=260  \\$aCambridge, Mass. :$bNational Bureau of Economic Research,$cc2007.
=300  \\$a20 p. :$bill. ;$c22 cm.
=336  \\$atext$2rdacontent
=337  \\$acomputer$2rdamedia
=338  \\$aonline resource$2rdacarrier
=490  1\$aNBER working paper series ;$vno. 12920
=500  \\$a"February 2007"
=504  \\$aIncludes bibliographical references (p. 18-20).
=530  \\$aAlso available in PDF from the NBER world wide web site (www.nber.org).
=540  \\$aBritish Library not licensed to copy$c0$5Uk
=650  \0$aPoliticians$xEconometric models.
=650  \0$aPolitical participation.
=650  \0$aPolitical parties.
=700  1\$aMerlo, Antonio$c(Economist)
=710  2\$aNational Bureau of Economic Research.
=830  \0$aWorking paper series (National Bureau of Economic Research) ;$vworking paper no. 12920.
=852  41$aBritish Library$bDSC$j6067.719500$ino. 12920
=856  41$uhttp://www.nber.org/papers/W12920.pdf$zClick here to download PDF file
=ACF  \\$aBritish Library not licensed to copy$c0$e01-oct-2013$hC$iCFP Excluded$5Uk
=CAT  \\$a7164$b40$c20070327$lBLL01$h1126
=CAT  \\$aBATCH-CLA$b00$c20130527$lBLL01$h0130
=CAT  \\$aBATCH-CLA$b00$c20130630$lBLL01$h1629
=CAT  \\$aIPL-CLA$c20130701$lBLL01$h0105
=CAT  \\$aBATCH-CLA$b00$c20130702$lBLL01$h0201
=CAT  \\$aBATCH-CLA$b00$c20130929$lBLL01$h1618
=CAT  \\$aIPL-CLA$c20130930$lBLL01$h1750
=CAT  \\$aBATCH-CLA$b00$c20131202$lBLL01$h0328
=CAT  \\$aIPL-CLA$c20140101$lBLL01$h0016
=CAT  \\$aBATCH-CLA$b00$c20140327$lBLL01$h1829
=CAT  \\$aIPL-CLA$c20140331$lBLL01$h1630
=CAT  \\$aBATCH-UPD$b00$c20141219$lBLL01$h0806
=CAT  \\$a8962$b40$c20160104$lBLL01$h1329
=CAT  \\$aBATCH-CLA$b00$c20160105$lBLL01$h0132
=CAT  \\$aBATCH-UPD$b00$c20211217$lBLL01$h2054
=CAT  \\$aBATCH-CLA$b00$c20211218$lBLL01$h0138
=CAT  \\$aW2308-1659$c20230923$lBLL01$h1037
=CAT  \\$aBATCH-CLA$b00$c20230924$lBLL01$h0649
=CFI  0\$aBritish Library not licensed to copy$c0$e01-apr-2014$hC$iCFP Excluded$5Uk
=FIN  \\$aY$d20070327
=FMT  \\$a  BK
=LAS  \\$aBATCH-CLA$b00$c20230924$lBLL01$h0649
=SID  \\$aZ39$bOCLC
=TCO  \\$aTRS$bCCC$c008

