=LDR  02338cam a22005417a 4500
=001  013703849
=003  Uk
=005  20230924064914.0
=006  m\\\\\\\\d\\\\\\\\
=007  cr\un|||||||||
=008  070320s2007\\\\mau\\\\\sb\\\\000\0\eng\d
=035  \\$a(OCoLC)86075892
=040  \\$aOUN$cOUN$dUk
=100  1\$aLehrer, Steven F.$q(Steven Fredrick),$d1972-
=245  10$aWorker sorting, compensation differentials and health insurance$h[electronic resource] :$bevidence from displaced workers /$cSteven F. Lehrer, Nuno Sousa Pereira.
=260  \\$aCambridge, Mass. :$bNational Bureau of Economic Research,$c2007.
=300  \\$a41 p. :$c21 cm.
=336  \\$atext$2rdacontent
=337  \\$acomputer$2rdamedia
=338  \\$aonline resource$2rdacarrier
=490  1\$aNBER working paper series ;$vno. 12951
=504  \\$aIncludes bibliographical references.
=533  \\$aElectronic reproduction.$bCambridge, Mass. :$cNational Bureau of Economic Research.$nMode of access: World Wide Web; may require Adobe Acrobat Reader.
=540  \\$aBritish Library not licensed to copy$c0$5Uk
=650  \0$aInsurance, Health$xMathematical models.
=650  \0$aEmployee fringe benefits.
=650  \0$aMedical economics.
=700  1\$aPereira, Nuno Sousa.
=710  2\$aNational Bureau of Economic Research.
=830  \0$aWorking paper series (National Bureau of Economic Research) ;$vno. 12951.
=852  41$aBritish Library$bDSC$j6067.719500$ino. 12951 (2007)
=856  4\$uhttp://papers.nber.org/papers/12951$zAn electronic book accessible through the World Wide Web; click for information
=CAT  \\$a8411$b40$c20070327$lBLL01$h1417
=CAT  \\$a8411$b40$c20070327$lBLL01$h1423
=CAT  \\$aBATCH-UPD$b40$c20101031$lBLL01$h2358
=CAT  \\$aBATCH-CLA$b00$c20130702$lBLL01$h0201
=CAT  \\$aBATCH-CLA$b00$c20131202$lBLL01$h0328
=CAT  \\$aIPL-CLA$c20140101$lBLL01$h0016
=CAT  \\$aBATCH-UPD$b00$c20200220$lBLL01$h2207
=CAT  \\$aBATCH-CLA$b00$c20200221$lBLL01$h0107
=CAT  \\$aW2308-1659$c20230923$lBLL01$h1037
=CAT  \\$aBATCH-CLA$b00$c20230924$lBLL01$h0649
=CFI  0\$aBritish Library not licensed to copy$c0$e01-apr-2014$hC$iCFP Excluded$5Uk
=FIN  \\$aY$d20070327
=FMT  \\$a  BK
=LAS  \\$aBATCH-CLA$b00$c20230924$lBLL01$h0649
=SID  \\$aZ39$bOCLC
=TCO  \\$aTRS$bCCC$c008

