=LDR  02760cam a22006614a 4500
=001  013704003
=003  Uk
=005  20230924064915.0
=007  cr\bn|||||||||
=008  070307s2007\\\\maua\\\\\b\\\\000\0\eng\d
=035  \\$a(OCoLC)85789213
=040  \\$aUPM$cUPM$dGZM$dUk
=050  14$aHB1$b.W654 no. 12932
=100  1\$aBayer, Patrick J.
=245  10$aBuilding criminal capital behind bars :$bpeer effects in juvenile corrections /$cPatrick Bayer, Randi Hjalmarsson, David Pozen.
=260  \\$aCambridge, Mass :$bNational Bureau of Economic Research,$cc2007.
=300  \\$a27, [14] p. :$bill. ;$c22 cm.
=336  \\$atext$2rdacontent
=337  \\$acomputer$2rdamedia
=338  \\$aonline resource$2rdacarrier
=490  1\$aNBER working paper series ;$vworking paper 12932
=500  \\$a"February 2007."
=504  \\$aIncludes bibliographical references (p. 22-25).
=530  \\$aAlso available in PDF from the NBER Web site (www.nber.org).
=540  \\$aBritish Library not licensed to copy$c0$5Uk
=650  \0$aJuvenile corrections$zFlorida$xEvaluation$xMathematical models.
=650  \0$aJuvenile detention homes$xSocial aspects$zFlorida.
=650  \0$aJuvenile delinquency$xRehabilitation.
=650  \0$aJuvenile recidivists.
=700  1\$aHjalmarsson, Randi.
=700  1\$aPozen, David E.
=710  2\$aNational Bureau of Economic Research.
=830  \0$aWorking paper series (National Bureau of Economic Research) ;$vworking paper no. 12932.
=852  41$aBritish Library$bDSC$j6067.719500$ino. 12932 (2007)
=856  41$uhttp://www.nber.org/papers/W12932.pdf$zClick here to download PDF file
=ACF  \\$aBritish Library not licensed to copy$c0$e01-oct-2013$hC$iCFP Excluded$5Uk
=CAT  \\$a8411$b40$c20070327$lBLL01$h1540
=CAT  \\$a8411$b40$c20070327$lBLL01$h1542
=CAT  \\$aBATCH-CLA$b00$c20130527$lBLL01$h0130
=CAT  \\$aBATCH-CLA$b00$c20130630$lBLL01$h1629
=CAT  \\$aIPL-CLA$c20130701$lBLL01$h0106
=CAT  \\$aBATCH-CLA$b00$c20130702$lBLL01$h0201
=CAT  \\$aBATCH-CLA$b00$c20130929$lBLL01$h1618
=CAT  \\$aIPL-CLA$c20130930$lBLL01$h1750
=CAT  \\$aBATCH-CLA$b00$c20131202$lBLL01$h0328
=CAT  \\$aIPL-CLA$c20140101$lBLL01$h0016
=CAT  \\$aBATCH-CLA$b00$c20140327$lBLL01$h1829
=CAT  \\$aIPL-CLA$c20140331$lBLL01$h1630
=CAT  \\$aBATCH-UPD$b00$c20200209$lBLL01$h2103
=CAT  \\$aBATCH-CLA$b00$c20200210$lBLL01$h0102
=CAT  \\$aW2308-1659$c20230923$lBLL01$h1037
=CAT  \\$aBATCH-CLA$b00$c20230924$lBLL01$h0649
=CFI  0\$aBritish Library not licensed to copy$c0$e01-apr-2014$hC$iCFP Excluded$5Uk
=FIN  \\$aY$d20070327
=FMT  \\$a  BK
=LAS  \\$aBATCH-CLA$b00$c20230924$lBLL01$h0649
=SID  \\$aZ39$bOCLC
=TCO  \\$aTRS$bCCC$c008

