=LDR  01992cam a22005057a 4500
=001  013729026
=003  Uk
=005  20230924064109.0
=008  070416s2007\\\\xxu\\\\\\b\\\\000\0\eng\\
=035  \\$a(OCoLC)123130273
=040  \\$aGZM$cGZM$dGZM$dUk
=100  1\$aList, John A.,$d1968-
=245  10$aInternal increasing returns to scale and economic growth /$cJohn A. List, Haiwen Zhou.
=260  \\$aCambridge, Mass. :$bNational Bureau of Economic Research,$c2007.
=300  \\$a28 p. ;$c22 cm.
=336  \\$atext$2rdacontent
=337  \\$aunmediated$2rdamedia
=338  \\$avolume$2rdacarrier
=490  1\$aNBER technical working paper series ;$vno. 336
=500  \\$a"March 2007"
=504  \\$aIncludes bibliographical references.
=530  \\$aAlso available on the internet from the NBER world wide web site (www.nber.org).
=540  \\$aBritish Library not licensed to copy$c0$5Uk
=650  \0$aEconomic development$xEconometric models.
=700  1\$aZhou, Haiwen.
=710  2\$aNational Bureau of Economic Research.
=830  \0$aNBER technical working paper series ;$vno. 336.
=852  41$aBritish Library$bDSC$j8732.374000$iiss. 336
=856  41$uhttp://www.nber.org/papers/T0336.pdf$zClick here to download PDF file
=CAT  \\$a7164$b40$c20070423$lBLL01$h1532
=CAT  \\$a10905$b40$c20070425$lBLL01$h1436
=CAT  \\$a10905$b40$c20070426$lBLL01$h0829
=CAT  \\$aBATCH$b00$c20091217$lBLL01$h0452
=CAT  \\$aBATCH$b00$c20100103$lBLL01$h1246
=CAT  \\$aBATCH-UPD$b00$c20140915$lBLL01$h2034
=CAT  \\$aBATCH-CLA$b00$c20140916$lBLL01$h0036
=CAT  \\$aBATCH-UPD$b00$c20220908$lBLL01$h1403
=CAT  \\$aBATCH-CLA$b00$c20220909$lBLL01$h0130
=CAT  \\$aW2308-1659$c20230923$lBLL01$h1037
=CAT  \\$aBATCH-CLA$b00$c20230924$lBLL01$h0641
=CFI  0\$aBritish Library not licensed to copy$c0$e07-sep-2011$hC$iTX$5Uk
=FIN  \\$aY$d20070425
=FMT  \\$a  BK
=LAS  \\$aBATCH-CLA$b00$c20230924$lBLL01$h0641
=SID  \\$aZ39$bOCLC

