=LDR  02501cam a22006017a 4500
=001  013729087
=003  Uk
=005  20230924064915.0
=007  cr\bn|||||||||
=008  070406s2007\\\\maua\\\\\b\\\\000\0\eng\d
=035  \\$a(OCoLC)122546661
=040  \\$aIUL$cIUL$dGZM$dUk
=100  1\$aBaldwin, Richard E.
=245  10$aOffshoring :$bgeneral equilibrium effects on wages, production and trade /$cRichard Baldwin, Frederic Robert-Nicoud.
=260  \\$aCambridge, Mass. :$bNational Bureau of Economic Research,$c2007.
=300  \\$a21 p. :$bill. ;$c22 cm.
=336  \\$atext$2rdacontent
=337  \\$acomputer$2rdamedia
=338  \\$aonline resource$2rdacarrier
=490  1\$aNBER working paper series ;$vno. 12991
=500  \\$a"March 2007"
=504  \\$aIncludes bibliographical references (p. 19-21).
=530  \\$aAlso available in PDF from the NBER world wide web site (www.nber.org).
=540  \\$aBritish Library not licensed to copy$c0$5Uk
=650  \0$aOffshore assembly industry$xEconometric models.
=700  1\$aRobert-Nicoud, Frédéric.
=710  2\$aNational Bureau of Economic Research.
=830  \0$aWorking paper series (National Bureau of Economic Research) ;$vworking paper no. 12991.
=852  41$aBritish Library$bDSC$j6067.719500$ino. 12991
=856  41$uhttp://www.nber.org/papers/W12991.pdf$zClick here to download PDF file
=ACF  \\$aBritish Library not licensed to copy$c0$e01-oct-2013$hC$iCFP Excluded$5Uk
=CAT  \\$a9504$b40$c20070423$lBLL01$h1604
=CAT  \\$a9504$b40$c20070423$lBLL01$h1624
=CAT  \\$aBATCH-CLA$b00$c20130527$lBLL01$h0130
=CAT  \\$aBATCH-CLA$b00$c20130630$lBLL01$h1629
=CAT  \\$aIPL-CLA$c20130701$lBLL01$h0106
=CAT  \\$aBATCH-CLA$b00$c20130702$lBLL01$h0201
=CAT  \\$aBATCH-CLA$b00$c20130929$lBLL01$h1618
=CAT  \\$aIPL-CLA$c20130930$lBLL01$h1750
=CAT  \\$aBATCH-CLA$b00$c20131202$lBLL01$h0328
=CAT  \\$aIPL-CLA$c20140101$lBLL01$h0018
=CAT  \\$aBATCH-CLA$b00$c20140327$lBLL01$h1829
=CAT  \\$aIPL-CLA$c20140331$lBLL01$h1630
=CAT  \\$aBATCH-UPD$b00$c20160425$lBLL01$h2028
=CAT  \\$aBATCH-UPD$b00$c20160523$lBLL01$h2020
=CAT  \\$aW2308-1659$c20230923$lBLL01$h1037
=CAT  \\$aBATCH-CLA$b00$c20230924$lBLL01$h0649
=CFI  0\$aBritish Library not licensed to copy$c0$e01-apr-2014$hC$iCFP Excluded$5Uk
=FIN  \\$aY$d20070423
=FMT  \\$a  BK
=LAS  \\$aBATCH-CLA$b00$c20230924$lBLL01$h0649
=SID  \\$aZ39$bOCLC
=TCO  \\$aTRS$bCCC$c008

