=LDR  03199cam a22006137a 4500
=001  013729179
=003  Uk
=005  20230924064915.0
=007  cr\mn|||||||||
=008  070417s2007\\\\maua\\\\\b\\\\000\0\eng\d
=035  \\$a(OCoLC)123193305
=040  \\$aIUL$cIUL$dGZM$dUk
=100  1\$aDinçer, N. Nergiz$q(Nazire Nergiz)
=245  10$aCentral bank transparency :$bwhere, why, and with what effects? /$cN. Nergiz Dincer, Barry Eichengreen.
=260  \\$aCambridge, Mass. :$bNational Bureau of Economic Research,$cc2007.
=300  \\$a35, [15] p. :$bill. ;$c22 cm.
=336  \\$atext$2rdacontent
=337  \\$acomputer$2rdamedia
=338  \\$aonline resource$2rdacarrier
=490  1\$aNBER working paper series ;$vno. 13003
=500  \\$a"March 2007"
=504  \\$aIncludes bibliographical references (p. 29-31).
=520  \\$aGreater transparency in central bank operations is the most dramatic change in the conduct of monetary policy in recent years. In this paper we present new information on its extent and effects. We show that the trend is general: a large number of central banks have moved in the direction of greater transparency since the late 1990s. We then analyze the determinants and effects of central bank transparency in an integrated empirical framework. Transparency is greater in countries with more stable and developed political systems and deeper and more developed financial markets. Our preliminary analysis suggests broadly favorable if relatively weak impacts on inflation and output variability.
=530  \\$aAlso available in PDF from the NBER world wide web site (www.nber.org).
=540  \\$aBritish Library not licensed to copy$c0$5Uk
=650  \0$aBanks and banking, Central.
=650  \0$aTransparency in government.
=700  1\$aEichengreen, Barry J.
=710  2\$aNational Bureau of Economic Research.
=830  \0$aWorking paper series (National Bureau of Economic Research) ;$vworking paper no. 13003.
=852  41$aBritish Library$bDSC$j6067.719500$ino. 13003 (2007)
=856  41$uhttp://www.nber.org/papers/W13003.pdf$zClick here to download PDF file
=ACF  \\$aBritish Library not licensed to copy$c0$e01-oct-2013$hC$iCFP Excluded$5Uk
=CAT  \\$a8411$b40$c20070423$lBLL01$h1712
=CAT  \\$a11317$b40$c20070424$lBLL01$h0813
=CAT  \\$aBATCH-CLA$b00$c20130527$lBLL01$h0130
=CAT  \\$aBATCH-CLA$b00$c20130630$lBLL01$h1629
=CAT  \\$aIPL-CLA$c20130701$lBLL01$h0106
=CAT  \\$aBATCH-CLA$b00$c20130702$lBLL01$h0201
=CAT  \\$aBATCH-CLA$b00$c20130929$lBLL01$h1618
=CAT  \\$aIPL-CLA$c20130930$lBLL01$h1750
=CAT  \\$aBATCH-CLA$b00$c20131202$lBLL01$h0329
=CAT  \\$aIPL-CLA$c20140101$lBLL01$h0018
=CAT  \\$aBATCH-CLA$b00$c20140327$lBLL01$h1829
=CAT  \\$aIPL-CLA$c20140331$lBLL01$h1630
=CAT  \\$aBATCH-UPD$b00$c20180808$lBLL01$h1701
=CAT  \\$aW2308-1659$c20230923$lBLL01$h1037
=CAT  \\$aBATCH-CLA$b00$c20230924$lBLL01$h0649
=CFI  0\$aBritish Library not licensed to copy$c0$e01-apr-2014$hC$iCFP Excluded$5Uk
=FIN  \\$aY$d20070423
=FMT  \\$a  BK
=LAS  \\$aBATCH-CLA$b00$c20230924$lBLL01$h0649
=SID  \\$aZ39$bOCLC
=TCO  \\$aTRS$bCCC$c008

