=LDR  02685cam a22006497a 4500
=001  013729348
=003  Uk
=005  20230924064915.0
=007  cr\mn|||||||||
=008  070330s2007\\\\maua\\\\\b\\\\000\0\eng\d
=035  \\$a(OCoLC)106120774
=040  \\$aIUL$cIUL$dGZM$dUk
=043  \\$ae------$an-us---
=100  1\$aBozzoli, Carlos.
=245  10$aChild mortality, income and adult height /$cCarlos Bozzoli, Angus S. Deaton, Climent Quintana-Domeque.
=260  \\$aCambridge, Mass. :$bNational Bureau of Economic Research,$cc2007.
=300  \\$a36, A4 p. :$bill. ;$c22 cm.
=336  \\$atext$2rdacontent
=337  \\$acomputer$2rdamedia
=338  \\$aonline resource$2rdacarrier
=490  1\$aNBER working paper series ;$vno. 12966
=500  \\$a"March 2007"
=504  \\$aIncludes bibliographical references (p. 27-30).
=530  \\$aAlso available in PDF from the NBER world wide web site (www.nber.org).
=540  \\$aBritish Library not licensed to copy$c0$5Uk
=650  \0$aChildren$xMortality$xEconomic aspects$zEurope.
=650  \0$aChildren$xMortality$xEconomic aspects$zUnited States.
=650  \0$aStature$zEurope$xEconometric models.
=650  \0$aStature$zUnited States$xEconometric models.
=700  1\$aDeaton, Angus.
=700  1\$aQuintana-Domeque, Climent.
=710  2\$aNational Bureau of Economic Research.
=830  \0$aWorking paper series (National Bureau of Economic Research) ;$vworking paper no. 12966.
=852  41$aBritish Library$bDSC$j6067.719500$ino. 12966
=856  41$uhttp://www.nber.org/papers/W12966.pdf$zClick here to download PDF file
=ACF  \\$aBritish Library not licensed to copy$c0$e01-oct-2013$hC$iCFP Excluded$5Uk
=CAT  \\$a7164$b40$c20070424$lBLL01$h0856
=CAT  \\$aBATCH-CLA$b00$c20130527$lBLL01$h0130
=CAT  \\$aBATCH-CLA$b00$c20130630$lBLL01$h1629
=CAT  \\$aIPL-CLA$c20130701$lBLL01$h0106
=CAT  \\$aBATCH-CLA$b00$c20130702$lBLL01$h0201
=CAT  \\$aBATCH-CLA$b00$c20130929$lBLL01$h1618
=CAT  \\$aIPL-CLA$c20130930$lBLL01$h1750
=CAT  \\$aBATCH-CLA$b00$c20131202$lBLL01$h0329
=CAT  \\$aIPL-CLA$c20140101$lBLL01$h0018
=CAT  \\$aBATCH-CLA$b00$c20140327$lBLL01$h1829
=CAT  \\$aIPL-CLA$c20140331$lBLL01$h1630
=CAT  \\$aBATCH-UPD$b00$c20211217$lBLL01$h2055
=CAT  \\$aBATCH-CLA$b00$c20211218$lBLL01$h0138
=CAT  \\$aW2308-1659$c20230923$lBLL01$h1037
=CAT  \\$aBATCH-CLA$b00$c20230924$lBLL01$h0649
=CFI  0\$aBritish Library not licensed to copy$c0$e01-apr-2014$hC$iCFP Excluded$5Uk
=FIN  \\$aY$d20070424
=FMT  \\$a  BK
=LAS  \\$aBATCH-CLA$b00$c20230924$lBLL01$h0649
=SID  \\$aZ39$bOCLC
=TCO  \\$aTRS$bCCC$c008

