=LDR  02635cam a22006377a 4500
=001  013729368
=003  Uk
=005  20230924064915.0
=007  cr\mn|||||||||
=008  070330s2007\\\\maua\\\\\b\\\\000\0\eng\d
=035  \\$a(OCoLC)106127933
=040  \\$aIUL$cIUL$dGZM$dUk
=043  \\$an-us---
=100  1\$aGerardi, Kristopher.
=245  10$aDo households benefit from financial deregulation and innovation? :$bthe case of the mortgage market /$cKristopher Gerardi, Harvey S. Rosen, Paul Willen.
=260  \\$aCambridge, Mass. :$bNational Bureau of Economic Research,$cc2007.
=300  \\$a40, [19] p. :$bill. ;$c22 cm.
=336  \\$atext$2rdacontent
=337  \\$acomputer$2rdamedia
=338  \\$aonline resource$2rdacarrier
=490  1\$aNBER working paper series ;$vno. 12967
=500  \\$a"March 2007"
=504  \\$aIncludes bibliographical references.
=530  \\$aAlso available in PDF from the NBER world wide web site (www.nber.org).
=540  \\$aBritish Library not licensed to copy$c0$5Uk
=650  \0$aHousing$xDeregulation$zUnited States$xEconometric models.
=650  \0$aMortgage loans$zUnited States.
=650  \0$aHousing$zUnited States$xHistory.
=700  1\$aRosen, Harvey S.
=700  1\$aWillen, Paul.
=710  2\$aNational Bureau of Economic Research.
=830  \0$aWorking paper series (National Bureau of Economic Research) ;$vworking paper no. 12967.
=852  41$aBritish Library$bDSC$j6067.719500$ino. 12967
=856  41$uhttp://www.nber.org/papers/W12967.pdf$zClick here to download PDF file
=ACF  \\$aBritish Library not licensed to copy$c0$e01-oct-2013$hC$iCFP Excluded$5Uk
=CAT  \\$a7164$b40$c20070424$lBLL01$h0907
=CAT  \\$aBATCH-CLA$b00$c20130527$lBLL01$h0130
=CAT  \\$aBATCH-CLA$b00$c20130630$lBLL01$h1629
=CAT  \\$aIPL-CLA$c20130701$lBLL01$h0106
=CAT  \\$aBATCH-CLA$b00$c20130702$lBLL01$h0201
=CAT  \\$aBATCH-CLA$b00$c20130929$lBLL01$h1618
=CAT  \\$aIPL-CLA$c20130930$lBLL01$h1750
=CAT  \\$aBATCH-CLA$b00$c20131202$lBLL01$h0329
=CAT  \\$aIPL-CLA$c20140101$lBLL01$h0018
=CAT  \\$aBATCH-CLA$b00$c20140327$lBLL01$h1829
=CAT  \\$aIPL-CLA$c20140331$lBLL01$h1630
=CAT  \\$aBATCH-UPD$b00$c20211217$lBLL01$h2055
=CAT  \\$aBATCH-CLA$b00$c20211218$lBLL01$h0138
=CAT  \\$aW2308-1659$c20230923$lBLL01$h1037
=CAT  \\$aBATCH-CLA$b00$c20230924$lBLL01$h0649
=CFI  0\$aBritish Library not licensed to copy$c0$e01-apr-2014$hC$iCFP Excluded$5Uk
=FIN  \\$aY$d20070424
=FMT  \\$a  BK
=LAS  \\$aBATCH-CLA$b00$c20230924$lBLL01$h0649
=SID  \\$aZ39$bOCLC
=TCO  \\$aTRS$bCCC$c008

