=LDR  02519cam a22006137a 4500
=001  013729422
=003  Uk
=005  20230924064916.0
=007  cr\bn|||||||||
=008  070328s2007\\\\mau\\\\\\b\\\\000\0\eng\d
=035  \\$a(OCoLC)99985147
=040  \\$aIUL$cIUL$dGZM$dUk
=100  1\$aFarhi, Emmanuel.
=245  12$aA theory of liquidity and regulation of financial intermediation /$cEmmanuel Farhi, Mikhail Golosov, Aleh Tsyvinski.
=260  \\$aCambridge, Mass. :$bNational Bureau of Economic Research,$cc2007.
=300  \\$a39 p. ;$c22 cm.
=336  \\$atext$2rdacontent
=337  \\$acomputer$2rdamedia
=338  \\$aonline resource$2rdacarrier
=490  1\$aNBER working paper series ;$vno. 12959
=500  \\$a"March 2007"
=504  \\$aIncludes bibliographical references (p. 37-39).
=530  \\$aAlso available in PDF from the NBER world wide web site (www.nber.org).
=540  \\$aBritish Library not licensed to copy$c0$5Uk
=650  \0$aIntermediation (Finance)$xRegulation$xEconometric models.
=650  \0$aLiquidity (Economics)
=700  1\$aGolosov, Mikhail.
=700  1\$aTsyvinski, Aleh.
=710  2\$aNational Bureau of Economic Research.
=830  \0$aWorking paper series (National Bureau of Economic Research) ;$vworking paper no. 12959.
=852  41$aBritish Library$bDSC$j6067.719500$ino. 12959 (2007)
=856  41$uhttp://www.nber.org/papers/W12959.pdf$zClick here to download PDF file
=ACF  \\$aBritish Library not licensed to copy$c0$e01-oct-2013$hC$iCFP Excluded$5Uk
=CAT  \\$a8411$b40$c20070424$lBLL01$h0938
=CAT  \\$aBATCH-CLA$b00$c20130527$lBLL01$h0130
=CAT  \\$aBATCH-CLA$b00$c20130630$lBLL01$h1629
=CAT  \\$aIPL-CLA$c20130701$lBLL01$h0106
=CAT  \\$aBATCH-CLA$b00$c20130702$lBLL01$h0201
=CAT  \\$aBATCH-CLA$b00$c20130929$lBLL01$h1618
=CAT  \\$aIPL-CLA$c20130930$lBLL01$h1750
=CAT  \\$aBATCH-CLA$b00$c20131202$lBLL01$h0329
=CAT  \\$aIPL-CLA$c20140101$lBLL01$h0018
=CAT  \\$aBATCH-CLA$b00$c20140327$lBLL01$h1829
=CAT  \\$aIPL-CLA$c20140331$lBLL01$h1630
=CAT  \\$aBATCH-UPD$b00$c20200927$lBLL01$h2053
=CAT  \\$aBATCH-CLA$b00$c20200928$lBLL01$h0102
=CAT  \\$aW2308-1659$c20230923$lBLL01$h1037
=CAT  \\$aBATCH-CLA$b00$c20230924$lBLL01$h0649
=CFI  0\$aBritish Library not licensed to copy$c0$e01-apr-2014$hC$iCFP Excluded$5Uk
=FIN  \\$aY$d20070424
=FMT  \\$a  BK
=LAS  \\$aBATCH-CLA$b00$c20230924$lBLL01$h0649
=SID  \\$aZ39$bOCLC
=TCO  \\$aTRS$bCCC$c008

