=LDR  02563cam a22006137a 4500
=001  013729441
=003  Uk
=005  20230924064916.0
=007  cr\mn|||||||||
=008  070330s2007\\\\maua\\\\\b\\\\000\0\eng\d
=035  \\$a(OCoLC)106140735
=040  \\$aIUL$cIUL$dGZM$dUk
=043  \\$an------
=100  1\$aTaylor, M. Scott$q(Michael Scott),$d1960-
=245  10$aBuffalo hunt :$binternational trade and the virtual extinction of the North American bison /$cM. Scott Taylor.
=260  \\$aCambridge, Mass. :$bNational Bureau of Economic Research,$cc2007.
=300  \\$a57 p. :$bill. ;$c22 cm.
=336  \\$atext$2rdacontent
=337  \\$acomputer$2rdamedia
=338  \\$aonline resource$2rdacarrier
=490  1\$aNBER working paper series ;$vno. 12969
=500  \\$a"March 2007"
=504  \\$aIncludes bibliographical references (p. 53-57).
=530  \\$aAlso available in PDF from the NBER world wide web site (www.nber.org).
=540  \\$aBritish Library not licensed to copy$c0$5Uk
=650  \0$aAmerican bison hunting$xHistory.
=650  \0$aAmerican bison$zNorth America$xHistory.
=650  \0$aNature$xEffect of human beings on$zNorth America.
=710  2\$aNational Bureau of Economic Research.
=830  \0$aWorking paper series (National Bureau of Economic Research) ;$vworking paper no. 12969.
=852  41$aBritish Library$bDSC$j6067.719500$ino. 12969 (2007)
=856  41$uhttp://www.nber.org/papers/W12969.pdf$zClick here to download PDF file
=ACF  \\$aBritish Library not licensed to copy$c0$e01-oct-2013$hC$iCFP Excluded$5Uk
=CAT  \\$a8411$b40$c20070424$lBLL01$h0952
=CAT  \\$aBATCH-CLA$b00$c20130527$lBLL01$h0130
=CAT  \\$aBATCH-CLA$b00$c20130630$lBLL01$h1629
=CAT  \\$aIPL-CLA$c20130701$lBLL01$h0106
=CAT  \\$aBATCH-CLA$b00$c20130702$lBLL01$h0201
=CAT  \\$aBATCH-CLA$b00$c20130929$lBLL01$h1618
=CAT  \\$aIPL-CLA$c20130930$lBLL01$h1750
=CAT  \\$aBATCH-CLA$b00$c20131202$lBLL01$h0329
=CAT  \\$aIPL-CLA$c20140101$lBLL01$h0018
=CAT  \\$aBATCH-CLA$b00$c20140327$lBLL01$h1829
=CAT  \\$aIPL-CLA$c20140331$lBLL01$h1630
=CAT  \\$aBATCH-UPD$b00$c20170222$lBLL01$h1729
=CAT  \\$aBATCH-CLA$b00$c20170223$lBLL01$h0110
=CAT  \\$aW2308-1659$c20230923$lBLL01$h1037
=CAT  \\$aBATCH-CLA$b00$c20230924$lBLL01$h0649
=CFI  0\$aBritish Library not licensed to copy$c0$e01-apr-2014$hC$iCFP Excluded$5Uk
=FIN  \\$aY$d20070424
=FMT  \\$a  BK
=LAS  \\$aBATCH-CLA$b00$c20230924$lBLL01$h0649
=SID  \\$aZ39$bOCLC
=TCO  \\$aTRS$bCCC$c008

