=LDR  03393cam a22006257a 4500
=001  013729526
=003  Uk
=005  20230924064916.0
=007  cr\bn|||||||||
=008  070417s2007\\\\maua\\\\\b\\\\000\0\eng\d
=035  \\$a(OCoLC)123193478
=040  \\$aIUL$cIUL$dGZM$dUk
=043  \\$an-us---
=100  1\$aChun, Hyunbae.
=245  10$aCreative destruction and firm-specific performance heterogeneity /$cHyunbae Chun ... [et al.]
=260  \\$aCambridge, Mass. :$bNational Bureau of Economic Research,$c2007.
=300  \\$a62 p. :$bill. ;$c22 cm.
=336  \\$atext$2rdacontent
=337  \\$acomputer$2rdamedia
=338  \\$aonline resource$2rdacarrier
=490  1\$aNBER working paper series ;$vno. 13011
=500  \\$a"April 2007"
=504  \\$aIncludes bibliographical references (p. 35-42).
=520  \\$aTraditional U.S. industries with higher firm-specific stock return and fundamentals performance heterogeneity use information technology (IT) more intensively and post faster productivity growth in the late 20th century. We argue that elevated firm performance heterogeneity mechanically reflects a wave of Schumpeter's (1912) creative destruction disrupting a wide swath of U.S. industries, with newly successful IT adopters unpredictably undermining established firms. This evidence validates endogenous growth theory models of creative destruction, such as Aghion and Howitt (1992); and suggests that recent findings of more elevated firm-specific performance variation in richer, faster growing countries with more transparent accounting, better financial systems, and more secure property rights might partly reflect more intensive creative destruction in those economies.
=530  \\$aAlso available in PDF from the NBER world wide web site (www.nber.org).
=540  \\$aBritish Library not licensed to copy$c0$5Uk
=650  \0$aCreative destruction.
=650  \0$aInformation technology$xEconomic aspects$zUnited States.
=710  2\$aNational Bureau of Economic Research.
=830  \0$aWorking paper series (National Bureau of Economic Research) ;$vworking paper no. 13011.
=852  41$aBritish Library$bDSC$j6067.719500$ino. 13011
=856  41$uhttp://www.nber.org/papers/W13011.pdf$zClick here to download PDF file
=ACF  \\$aBritish Library not licensed to copy$c0$e01-oct-2013$hC$iCFP Excluded$5Uk
=CAT  \\$a7164$b40$c20070424$lBLL01$h1041
=CAT  \\$a7164$b40$c20070425$lBLL01$h1103
=CAT  \\$aBATCH-CLA$b00$c20130527$lBLL01$h0130
=CAT  \\$aBATCH-CLA$b00$c20130630$lBLL01$h1629
=CAT  \\$aIPL-CLA$c20130701$lBLL01$h0106
=CAT  \\$aBATCH-CLA$b00$c20130702$lBLL01$h0201
=CAT  \\$aBATCH-CLA$b00$c20130929$lBLL01$h1618
=CAT  \\$aIPL-CLA$c20130930$lBLL01$h1750
=CAT  \\$aBATCH-CLA$b00$c20131202$lBLL01$h0329
=CAT  \\$aIPL-CLA$c20140101$lBLL01$h0018
=CAT  \\$aBATCH-CLA$b00$c20140327$lBLL01$h1829
=CAT  \\$aIPL-CLA$c20140331$lBLL01$h1631
=CAT  \\$aBATCH-UPD$b00$c20211217$lBLL01$h2055
=CAT  \\$aBATCH-CLA$b00$c20211218$lBLL01$h0138
=CAT  \\$aW2308-1659$c20230923$lBLL01$h1037
=CAT  \\$aBATCH-CLA$b00$c20230924$lBLL01$h0649
=CFI  0\$aBritish Library not licensed to copy$c0$e01-apr-2014$hC$iCFP Excluded$5Uk
=FIN  \\$aY$d20070425
=FMT  \\$a  BK
=LAS  \\$aBATCH-CLA$b00$c20230924$lBLL01$h0649
=SID  \\$aZ39$bOCLC
=TCO  \\$aTRS$bCCC$c008

