=LDR  03703cam a22006257a 4500
=001  013742841
=003  Uk
=005  20230924064916.0
=007  cr\mn|||||||||
=008  070503s2007\\\\maua\\\\\b\\\\000\0\eng\d
=035  \\$a(OCoLC)123959673
=040  \\$aIUL$cIUL$dGZM$dUk
=043  \\$an-us---
=100  1\$aBroda, Christian M.$q(Christian Miguel),$d1975-
=245  10$aProduct creation and destruction :$bevidence and price implications /$cChristian Broda, David E. Weinstein.
=260  \\$aCambridge, Mass. :$bNational Bureau of Economic Research,$cc2007.
=300  \\$a41, [23] p. :$bill. ;$c22 cm.
=336  \\$atext$2rdacontent
=337  \\$acomputer$2rdamedia
=338  \\$aonline resource$2rdacarrier
=490  1\$aNBER working paper series ;$vno. 13041
=500  \\$a"April 2007"
=504  \\$aIncludes bibliographical references (p. 39-41).
=520  \\$aThis paper describes the extent and cyclicality of product creation and destruction in a large sector of the U.S. economy and quantifies its implications for the measurement of consumer prices. We find four times more entry and exit in product markets than is typically found in labor markets because most product turnover happens within the boundaries of the firm. Net product creation is strongly pro-cyclical, but contrary to the behavior of labor flows, it is primarily driven by creation rather than destruction. High rates of innovation are also accompanied by substantial price volatility of products. These facts suggest that the CPI deviates from a true cost-of-living index in three important dimensions. The quality bias that arises as new goods replace outdated ones causes the CPI to overstate inflation by 0.8 percent per year; the cyclicality of the bias implies that business cycles are more volatile than indicated by official statistics; and finally, sampling error is sufficiently large that over the last 10 years policymakers could not statistically distinguish whether quarterly inflation was accelerating or decelerating 65 percent of the time
=530  \\$aAlso available in PDF from the NBER world wide web site (www.nber.org).
=540  \\$aBritish Library not licensed to copy$c0$5Uk
=650  \0$aProduct life cycle$zUnited States.
=650  \0$aPrices$zUnited States.
=700  1\$aWeinstein, David E.
=710  2\$aNational Bureau of Economic Research.
=830  \0$aWorking paper series (National Bureau of Economic Research) ;$vworking paper no. 13041.
=852  41$aBritish Library$bDSC$j6067.719500$ino. 13041
=856  41$uhttp://www.nber.org/papers/W13041.pdf$zClick here to download PDF file
=ACF  \\$aBritish Library not licensed to copy$c0$e01-oct-2013$hC$iCFP Excluded$5Uk
=CAT  \\$a7164$b40$c20070510$lBLL01$h1429
=CAT  \\$aBATCH-CLA$b00$c20130527$lBLL01$h0130
=CAT  \\$aBATCH-CLA$b00$c20130630$lBLL01$h1629
=CAT  \\$aIPL-CLA$c20130701$lBLL01$h0106
=CAT  \\$aBATCH-CLA$b00$c20130702$lBLL01$h0201
=CAT  \\$aBATCH-CLA$b00$c20130929$lBLL01$h1618
=CAT  \\$aIPL-CLA$c20130930$lBLL01$h1750
=CAT  \\$aBATCH-CLA$b00$c20131202$lBLL01$h0329
=CAT  \\$aIPL-CLA$c20140101$lBLL01$h0018
=CAT  \\$aBATCH-CLA$b00$c20140327$lBLL01$h1829
=CAT  \\$aIPL-CLA$c20140331$lBLL01$h1631
=CAT  \\$aBATCH-UPD$b00$c20211217$lBLL01$h2055
=CAT  \\$aBATCH-CLA$b00$c20211218$lBLL01$h0138
=CAT  \\$aW2308-1659$c20230923$lBLL01$h1038
=CAT  \\$aBATCH-CLA$b00$c20230924$lBLL01$h0649
=CFI  0\$aBritish Library not licensed to copy$c0$e01-apr-2014$hC$iCFP Excluded$5Uk
=FIN  \\$aY$d20070510
=FMT  \\$a  BK
=LAS  \\$aBATCH-CLA$b00$c20230924$lBLL01$h0649
=SID  \\$aZ39$bOCLC
=TCO  \\$aTRS$bCCC$c008

