=LDR  02612cam a22006257a 4500
=001  013743062
=003  Uk
=005  20230924064916.0
=007  cr\bn|||||||||
=008  070504s2007\\\\maua\\\\\b\\\\000\0\eng\d
=035  \\$a(OCoLC)123985566
=040  \\$aUPM$cUPM$dGZM$dUk
=050  14$aHB1$b.W654 no. 13044
=100  1\$aPauly, Mark V.,$d1941-
=245  10$aValue based cost sharing meets the theory of moral hazard :$bmedical effectiveness in insurance benefits design /$cMark V. Pauly, Fredric E. Blavin.
=260  \\$aCambridge, Mass. :$bNational Bureau of Economic Research,$cc2007.
=300  \\$a26 p. :$bill. ;$c22 cm.
=336  \\$atext$2rdacontent
=337  \\$acomputer$2rdamedia
=338  \\$aonline resource$2rdacarrier
=490  1\$aNBER working paper series ;$vworking paper 13044
=500  \\$a"April 2007."
=504  \\$aIncludes bibliographical references (p. 20).
=530  \\$aAlso available in PDF from the NBER World Wide Web site (www.nber.org).
=540  \\$aBritish Library not licensed to copy$c0$5Uk
=650  \0$aInsurance, Health$xEconometric models.
=650  \0$aCoinsurance$xEconometric models.
=700  1\$aBlavin, Fredric E.
=710  2\$aNational Bureau of Economic Research.
=830  \0$aWorking paper series (National Bureau of Economic Research) ;$vworking paper no. 13044.
=852  41$aBritish Library$bDSC$j6067.719500$ino. 13044
=856  41$uhttp://www.nber.org/papers/W13044.pdf$zClick here to download PDF file
=ACF  \\$aBritish Library not licensed to copy$c0$e01-oct-2013$hC$iCFP Excluded$5Uk
=CAT  \\$a7164$b40$c20070511$lBLL01$h0804
=CAT  \\$a7164$b40$c20070511$lBLL01$h0807
=CAT  \\$aBATCH-CLA$b00$c20130527$lBLL01$h0130
=CAT  \\$aBATCH-CLA$b00$c20130630$lBLL01$h1629
=CAT  \\$aIPL-CLA$c20130701$lBLL01$h0106
=CAT  \\$aBATCH-CLA$b00$c20130702$lBLL01$h0201
=CAT  \\$aBATCH-CLA$b00$c20130929$lBLL01$h1618
=CAT  \\$aIPL-CLA$c20130930$lBLL01$h1750
=CAT  \\$aBATCH-CLA$b00$c20131202$lBLL01$h0329
=CAT  \\$aIPL-CLA$c20140101$lBLL01$h0018
=CAT  \\$aBATCH-CLA$b00$c20140327$lBLL01$h1829
=CAT  \\$aIPL-CLA$c20140331$lBLL01$h1631
=CAT  \\$aBATCH-UPD$b00$c20211217$lBLL01$h2055
=CAT  \\$aBATCH-CLA$b00$c20211218$lBLL01$h0138
=CAT  \\$aW2308-1659$c20230923$lBLL01$h1038
=CAT  \\$aBATCH-CLA$b00$c20230924$lBLL01$h0649
=CFI  0\$aBritish Library not licensed to copy$c0$e01-apr-2014$hC$iCFP Excluded$5Uk
=FIN  \\$aY$d20070511
=FMT  \\$a  BK
=LAS  \\$aBATCH-CLA$b00$c20230924$lBLL01$h0649
=SID  \\$aZ39$bOCLC
=TCO  \\$aTRS$bCCC$c008

