=LDR  03773cam a22006017a 4500
=001  013744740
=003  Uk
=005  20230924064916.0
=008  070503s2007\\\\maua\\\\\b\\\\000\0\eng\d
=035  \\$a(OCoLC)123959662
=040  \\$aIUL$cIUL$dGZM$dUk
=100  1\$aBruegemann, Bjoern,$d1974-
=245  10$aRent rigidity, asymmetric information, and volatility bounds in labor markets /$cBjoern Bruegemann, Giuseppe Moscarini.
=260  \\$aCambridge, Mass. :$bNational Bureau of Economic Research,$cc2007.
=300  \\$a56 p.$bill. ;$c22 cm.
=336  \\$atext$2rdacontent
=337  \\$aunmediated$2rdamedia
=338  \\$avolume$2rdacarrier
=490  1\$aNBER working paper series ;$vno. 13030
=500  \\$a"April 2007"
=504  \\$aIncludes bibliographical references (p. 51-52).
=520  \\$aRecent findings have revived interest in the link between real wage rigidity and employment fluctuations, in the context of frictional labor markets. The standard search and matching model fails to generate substantial labor market fluctuations if wages are set by Nash bargaining, while it can generate fluctuations in excess of what is observed if wages are completely rigid. This suggests that less severe rigidity may suffice. We study a weaker notion of real rigidity, which arises only in frictional labor markets, where the wage is the sum of the worker's opportunity cost (the value of unemployment) and a rent. With wage rigidity this sum is acyclical; we consider rent rigidity, where only the rent is acyclical. We offer two contributions. First, we derive upper bounds on labor market volatility that apply if the model of wage determination generates weakly procyclical worker rents, and that are attained by rent rigidity. Quantitatively, the bounds are tight: rent rigidity generates no more than a third of observed volatility, an outcome that is closer to Nash bargaining than to wage rigidity. Second, we show that the bounds apply to a sequence of famous solutions to the bargaining problem under asymmetric information: at best they generate rigid rents but not rigid wages.
=530  \\$aAlso available in PDF from the NBER world wide web site (www.nber.org).
=540  \\$aBritish Library not licensed to copy$c0$5Uk
=650  \0$aLabor market$xEconometric models.
=700  1\$aMoscarini, Giuseppe.
=710  2\$aNational Bureau of Economic Research.
=830  \0$aWorking paper series (National Bureau of Economic Research) ;$vworking paper no. 13030.
=852  41$aBritish Library$bDSC$j6067.719500$ino. 13030 (2007)
=856  41$uhttp://www.nber.org/papers/W13030.pdf$zClick here to download PDF file
=ACF  \\$aBritish Library not licensed to copy$c0$e01-oct-2013$hC$iCFP Excluded$5Uk
=CAT  \\$a8411$b40$c20070514$lBLL01$h1651
=CAT  \\$a11317$b40$c20070515$lBLL01$h0747
=CAT  \\$aBATCH-CLA$b00$c20130527$lBLL01$h0130
=CAT  \\$aBATCH-CLA$b00$c20130630$lBLL01$h1629
=CAT  \\$aIPL-CLA$c20130701$lBLL01$h0107
=CAT  \\$aBATCH-CLA$b00$c20130702$lBLL01$h0201
=CAT  \\$aBATCH-CLA$b00$c20130929$lBLL01$h1618
=CAT  \\$aIPL-CLA$c20130930$lBLL01$h1750
=CAT  \\$aBATCH-CLA$b00$c20131202$lBLL01$h0329
=CAT  \\$aIPL-CLA$c20140101$lBLL01$h0018
=CAT  \\$aBATCH-CLA$b00$c20140327$lBLL01$h1829
=CAT  \\$aIPL-CLA$c20140331$lBLL01$h1631
=CAT  \\$aBATCH-UPD$b00$c20211217$lBLL01$h2055
=CAT  \\$aBATCH-CLA$b00$c20211218$lBLL01$h0138
=CAT  \\$aW2308-1659$c20230923$lBLL01$h1038
=CAT  \\$aBATCH-CLA$b00$c20230924$lBLL01$h0649
=CFI  0\$aBritish Library not licensed to copy$c0$e01-apr-2014$hC$iCFP Excluded$5Uk
=FIN  \\$aY$d20070514
=FMT  \\$a  BK
=LAS  \\$aBATCH-CLA$b00$c20230924$lBLL01$h0649
=SID  \\$aZ39$bOCLC
=TCO  \\$aTRS$bCCC$c008

