=LDR  02427cam a2200601 a 4500
=001  013754760
=003  Uk
=005  20230924064917.0
=007  cr\bn|||||||||
=008  070509s2007\\\\mau\\\\\\b\\\\000\0\eng\d
=035  \\$a(OCoLC)124077110
=040  \\$aUPM$cUPM$dGZM$dUk
=050  14$aHB1$b.W654 no. 13058
=100  1\$aGhosh, Arghya.
=245  13$aAn economic analysis of platform sharing /$cArghya Ghosh, Hodaka Morita.
=260  \\$aCambridge, Mass. :$bNational Bureau of Economic Research,$cc2007.
=300  \\$a29 p. ;$c22 cm.
=336  \\$atext$2rdacontent
=337  \\$acomputer$2rdamedia
=338  \\$aonline resource$2rdacarrier
=490  1\$aNBER working paper series$vworking paper 13058
=500  \\$a"April 2007."
=504  \\$aIncludes bibliographical references (p. 28-29).
=530  \\$aAlso available in PDF from the NBER Wolrld Wide Web site (www.nber.org)
=540  \\$aBritish Library not licensed to copy$c0$5Uk
=650  \0$aProduct differentiation$xEconometric models.
=700  1\$aMorita, Hodaka.
=710  2\$aNational Bureau of Economic Research.
=830  \0$aWorking paper series (National Bureau of Economic Research) ;$vworking paper no. 13058.
=852  41$aBritish Library$bDSC$j6067.719500$ino. 13058
=856  41$uhttp://www.nber.org/papers/W13058.pdf$zClick here to download PDF file
=ACF  \\$aBritish Library not licensed to copy$c0$e01-oct-2013$hC$iCFP Excluded$5Uk
=CAT  \\$a7233$b40$c20070525$lBLL01$h1430
=CAT  \\$aBATCH-CLA$b00$c20130527$lBLL01$h0130
=CAT  \\$aBATCH-CLA$b00$c20130630$lBLL01$h1629
=CAT  \\$aIPL-CLA$c20130701$lBLL01$h0107
=CAT  \\$aBATCH-CLA$b00$c20130702$lBLL01$h0201
=CAT  \\$aBATCH-CLA$b00$c20130929$lBLL01$h1618
=CAT  \\$aIPL-CLA$c20130930$lBLL01$h1750
=CAT  \\$aBATCH-CLA$b00$c20131202$lBLL01$h0329
=CAT  \\$aIPL-CLA$c20140101$lBLL01$h0019
=CAT  \\$aBATCH-CLA$b00$c20140327$lBLL01$h1829
=CAT  \\$aIPL-CLA$c20140331$lBLL01$h1631
=CAT  \\$aBATCH-UPD$b00$c20211217$lBLL01$h2055
=CAT  \\$aBATCH-CLA$b00$c20211218$lBLL01$h0138
=CAT  \\$aW2308-1659$c20230923$lBLL01$h1039
=CAT  \\$aBATCH-CLA$b00$c20230924$lBLL01$h0649
=CFI  0\$aBritish Library not licensed to copy$c0$e01-apr-2014$hC$iCFP Excluded$5Uk
=FIN  \\$aY$d20070525
=FMT  \\$a  BK
=LAS  \\$aBATCH-CLA$b00$c20230924$lBLL01$h0649
=SID  \\$aZ39$bOCLC
=TCO  \\$aTRS$bCCC$c008

