=LDR  03926cam a22006017a 4500
=001  013771554
=003  Uk
=005  20230924064918.0
=007  cr\mn|||||||||
=008  070526s2007\\\\maua\\\\\b\\\\000\0\eng\d
=035  \\$a(OCoLC)137223822
=040  \\$aIUL$cIUL$dGZM$dUk
=100  1\$aAizenman, Joshua.
=245  10$aTakeoffs /$cJoshua Aizenman, Mark Spiegel.
=260  \\$aCambridge, Mass. :$bNational Bureau of Economic Research,$cc2007.
=300  \\$a39 p. :$bill. ;$c22 cm.
=336  \\$atext$2rdacontent
=337  \\$acomputer$2rdamedia
=338  \\$aonline resource$2rdacarrier
=490  1\$aNBER working paper series ;$vno. 13084
=500  \\$a"May 2007"
=504  \\$aIncludes bibliographical references (p. 21-22).
=520  \\$aThis paper identifies factors associated with takeoff -- a sustained period of high growth following a period of stagnation. We examine a panel of 241 "stagnation episodes" from 146 countries, 54 % of these episodes are followed by takeoffs. Countries that experience takeoffs average 2.3% annual growth following their stagnation episodes, while those that do not average 0% growth; 46% of the takeoffs are "sustained," i.e. lasting 8 years or longer. Using probit estimation, we find that de jure trade openness is positively and significantly associated with takeoffs. A one standard deviation increase in de jure trade openness is associated with a 55% increase in the probability of a takeoff in our default specification. We also find evidence that capital account openness encourages takeoff responses, although this channel is less robust. Measures of de facto trade openness, as well as a variety of other potential conditioning variables, are found to be poor predictors of takeoffs. We also examine the determinants of nations achieving sustained takeoffs. While we fail to find a significant role for openness in determining whether or not takeoffs are sustained, we do find a role for output composition: Takeoffs in countries with more commodity-intensive output bundles are less likely to be sustained, while takeoffs in countries that are more service-intensive are more likely to be sustained. This suggests that adverse terms of trade shocks prevalent among commodity exports may play a role in ending long-term high growth episodes.
=530  \\$aAlso available in PDF from the NBER world wide web site (www.nber.org).
=540  \\$aBritish Library not licensed to copy$c0$5Uk
=650  \0$aEconomic development$xMathematical models.
=700  1\$aSpiegel, Mark.
=710  2\$aNational Bureau of Economic Research.
=830  \0$aWorking paper series (National Bureau of Economic Research) ;$vworking paper no. 13084.
=852  41$aBritish Library$bDSC$j6067.719500$ino. 13084
=856  41$uhttp://www.nber.org/papers/W13084.pdf$zClick here to download PDF file
=ACF  \\$aBritish Library not licensed to copy$c0$e01-oct-2013$hC$iCFP Excluded$5Uk
=CAT  \\$a10775$b40$c20070619$lBLL01$h0850
=CAT  \\$aBATCH-CLA$b00$c20130527$lBLL01$h0130
=CAT  \\$aBATCH-CLA$b00$c20130630$lBLL01$h1630
=CAT  \\$aIPL-CLA$c20130701$lBLL01$h0107
=CAT  \\$aBATCH-CLA$b00$c20130702$lBLL01$h0201
=CAT  \\$aBATCH-CLA$b00$c20130929$lBLL01$h1618
=CAT  \\$aIPL-CLA$c20130930$lBLL01$h1751
=CAT  \\$aBATCH-CLA$b00$c20131202$lBLL01$h0329
=CAT  \\$aIPL-CLA$c20140101$lBLL01$h0020
=CAT  \\$aBATCH-CLA$b00$c20140327$lBLL01$h1829
=CAT  \\$aIPL-CLA$c20140331$lBLL01$h1631
=CAT  \\$aBATCH-UPD$b00$c20211217$lBLL01$h2056
=CAT  \\$aBATCH-CLA$b00$c20211218$lBLL01$h0138
=CAT  \\$aW2308-1659$c20230923$lBLL01$h1040
=CAT  \\$aBATCH-CLA$b00$c20230924$lBLL01$h0649
=CFI  0\$aBritish Library not licensed to copy$c0$e01-apr-2014$hC$iCFP Excluded$5Uk
=FIN  \\$aY$d20070619
=FMT  \\$a  BK
=LAS  \\$aBATCH-CLA$b00$c20230924$lBLL01$h0649
=SID  \\$aZ39$bOCLC
=TCO  \\$aTRS$bCCC$c008

