=LDR  03169cam a22006137a 4500
=001  013771647
=003  Uk
=005  20230924064918.0
=007  cr\mn|||||||||
=008  070526s2007\\\\maua\\\\\b\\\\000\0\eng\d
=035  \\$a(OCoLC)137223824
=040  \\$aIUL$cIUL$dGZM$dUk
=043  \\$an-us---
=100  1\$aReyes, Jessica Wolpaw.
=245  10$aEnvironmental policy as social policy? :$bthe impact of childhood lead exposure on crime /$cJessica Wolpaw Reyes.
=260  \\$aCambridge, Mass. :$bNational Bureau of Economic Research,$cc2007.
=300  \\$a51, [17] p. :$bill. ;$c22 cm.
=336  \\$atext$2rdacontent
=337  \\$acomputer$2rdamedia
=338  \\$aonline resource$2rdacarrier
=490  1\$aNBER working paper series ;$vno. 13097
=500  \\$a"May 2007"
=504  \\$aIncludes bibliographical references (p. 37-42).
=520  \\$aChildhood lead exposure can lead to psychological deficits that are strongly associated with aggressive and criminal behavior. In the late 1970s in the United States, lead was removed from gasoline under the Clean Air Act. Using the sharp state-specific reductions in lead exposure resulting from this removal, this article finds that the reduction in childhood lead exposure in the late 1970s and early 1980s is responsible for significant declines in violent crime in the 1990s, and may cause further declines into the future. The elasticity of violent crime with respect to lead is estimated to be approximately 0.8.
=530  \\$aAlso available in PDF from the NBER world wide web site (www.nber.org).
=540  \\$aBritish Library not licensed to copy$c0$5Uk
=650  \0$aLead poisoning$xChildren$zUnited States$xMathematical models.
=650  \0$aViolent crimes$zUnited States$y20th century$xMathematical models.
=710  2\$aNational Bureau of Economic Research.
=830  \0$aWorking paper series (National Bureau of Economic Research) ;$vworking paper no. 13097.
=852  41$aBritish Library$bDSC$j6067.719500$ino. 13097
=856  41$uhttp://www.nber.org/papers/W13097.pdf$zClick here to download PDF file
=ACF  \\$aBritish Library not licensed to copy$c0$e01-oct-2013$hC$iCFP Excluded$5Uk
=CAT  \\$a9504$b40$c20070619$lBLL01$h0951
=CAT  \\$aBATCH-CLA$b00$c20130527$lBLL01$h0130
=CAT  \\$aBATCH-CLA$b00$c20130630$lBLL01$h1630
=CAT  \\$aIPL-CLA$c20130701$lBLL01$h0107
=CAT  \\$aBATCH-CLA$b00$c20130702$lBLL01$h0201
=CAT  \\$aBATCH-CLA$b00$c20130929$lBLL01$h1618
=CAT  \\$aIPL-CLA$c20130930$lBLL01$h1751
=CAT  \\$aBATCH-CLA$b00$c20131202$lBLL01$h0329
=CAT  \\$aIPL-CLA$c20140101$lBLL01$h0020
=CAT  \\$aBATCH-CLA$b00$c20140327$lBLL01$h1829
=CAT  \\$aIPL-CLA$c20140331$lBLL01$h1631
=CAT  \\$aBATCH-UPD$b00$c20211217$lBLL01$h2056
=CAT  \\$aBATCH-CLA$b00$c20211218$lBLL01$h0138
=CAT  \\$aW2308-1659$c20230923$lBLL01$h1040
=CAT  \\$aBATCH-CLA$b00$c20230924$lBLL01$h0649
=CFI  0\$aBritish Library not licensed to copy$c0$e01-apr-2014$hC$iCFP Excluded$5Uk
=FIN  \\$aY$d20070619
=FMT  \\$a  BK
=LAS  \\$aBATCH-CLA$b00$c20230924$lBLL01$h0649
=SID  \\$aZ39$bOCLC
=TCO  \\$aTRS$bCCC$c008

