=LDR  03402cam a22006377a 4500
=001  013799687
=003  Uk
=005  20230924064919.0
=007  cr\mn|||||||||
=008  070709s2007\\\\maua\\\\\b\\\\000\0\eng\d
=035  \\$a(OCoLC)154069522
=040  \\$aIUL$cIUL$dGZM$dUk
=100  1\$aGilchrist, Simon.
=245  10$aInvestment and the cost of capital :$bnew evidence from the corporate bond market /$cSimon Gilchrist, Egon Zakrajsek.
=260  \\$aCambridge, Mass. :$bNational Bureau of Economic Research,$cc2007.
=300  \\$a40 p. :$bill. ;$c22 cm.
=336  \\$atext$2rdacontent
=337  \\$acomputer$2rdamedia
=338  \\$aonline resource$2rdacarrier
=490  1\$aNBER working paper series ;$vno. 13174
=500  \\$a"June 2007"
=504  \\$aIncludes bibliographical references (p. 33-35).
=520  \\$a"We study the effect of variation in interest rates on investment spending, employing a large panel data set that links yields on outstanding corporate bonds to the issuer income and balance sheet statements. The bond price data -- based on trades in the secondary market -- enable us to construct a firm-specific measure of the user cost of capital based on the marginal cost of external finance as determined in the market for long-term corporate debt. Our results imply a robust and quantitatively important effect of the user cost of capital on the firm-level investment decisions. According to our estimates, a 1 percentage point increase in the user cost of capital implies a reduction in the investment rate of 50 to 75 basis points and, in the long run, a 1 percent reduction in the stock of capital."--abstract.
=530  \\$aAlso available in PDF from the NBER World Wide Web site (www.nber.org).
=540  \\$aBritish Library not licensed to copy$c0$5Uk
=650  \0$aInterest rates.
=650  \0$aInvestments$xEconometric models.
=700  1\$aZakrajšek, Egon.
=710  2\$aNational Bureau of Economic Research.
=830  \0$aWorking paper series (National Bureau of Economic Research) ;$vworking paper no. 13174.
=852  41$aBritish Library$bDSC$j6067.719500$ino. 13174
=856  41$uhttp://www.nber.org/papers/W13174.pdf$zClick here to download PDF file
=ACF  \\$aBritish Library not licensed to copy$c0$e01-oct-2013$hC$iCFP Excluded$5Uk
=CAT  \\$a9504$b40$c20070724$lBLL01$h1449
=CAT  \\$aBATCH-CLA$b00$c20130527$lBLL01$h0130
=CAT  \\$aBATCH-CLA$b00$c20130630$lBLL01$h1630
=CAT  \\$aIPL-CLA$c20130701$lBLL01$h0108
=CAT  \\$aBATCH-CLA$b00$c20130702$lBLL01$h0201
=CAT  \\$aBATCH-CLA$b00$c20130929$lBLL01$h1618
=CAT  \\$aIPL-CLA$c20130930$lBLL01$h1751
=CAT  \\$aBATCH-CLA$b00$c20131202$lBLL01$h0329
=CAT  \\$aIPL-CLA$c20140101$lBLL01$h0021
=CAT  \\$aBATCH-CLA$b00$c20140327$lBLL01$h1829
=CAT  \\$aIPL-CLA$c20140331$lBLL01$h1631
=CAT  \\$aBATCH-UPD$b00$c20151008$lBLL01$h1440
=CAT  \\$aBATCH-UPD$b00$c20151011$lBLL01$h2051
=CAT  \\$aBATCH-UPD$b00$c20211217$lBLL01$h2056
=CAT  \\$aBATCH-CLA$b00$c20211218$lBLL01$h0138
=CAT  \\$aW2308-1659$c20230923$lBLL01$h1041
=CAT  \\$aBATCH-CLA$b00$c20230924$lBLL01$h0649
=CFI  0\$aBritish Library not licensed to copy$c0$e01-apr-2014$hC$iCFP Excluded$5Uk
=FIN  \\$aY$d20070724
=FMT  \\$a  BK
=LAS  \\$aBATCH-CLA$b00$c20230924$lBLL01$h0649
=SID  \\$aZ39$bOCLC
=TCO  \\$aTRS$bCCC$c008

