=LDR  04312cam a22006497a 4500
=001  013799743
=003  Uk
=005  20230924064919.0
=007  cr\mn|||||||||
=008  070709s2007\\\\maua\\\\\b\\\\000\0\eng\d
=035  \\$a(OCoLC)154070288
=040  \\$aIUL$cIUL$dGZM$dUk
=043  \\$an-us---
=245  00$aAssessment of U.S. cap-and-trade proposals /$cSergey Paltsev ... [et al.]
=260  \\$aCambridge, Mass. :$bNational Bureau of Economic Research,$cc2007.
=300  \\$a75 p. :$bill. ;$c22 cm.
=336  \\$atext$2rdacontent
=337  \\$acomputer$2rdamedia
=338  \\$aonline resource$2rdacarrier
=490  1\$aNBER working paper series ;$vno. 13176
=500  \\$a"June 2007"
=504  \\$aIncludes bibliographical references (p. 40-44).
=520  \\$a"The MIT Emissions Prediction and Policy Analysis model is applied to synthetic policies that match key attributes of a set of cap-and-trade proposals being considered by the U.S. Congress in spring 2007. The bills fall into two groups: one specifies emissions reductions of 50% to 80% below 1990 levels by 2050; the other establishes a tightening target for emissions intensity and stipulates a time-path for a "safety valve" limit on the emission price that approximately stabilizes U.S. emissions at the 2008 level. Initial period prices are estimated between {dollar}7 and {dollar}50 per ton CO2-e with these prices rising by a factor of four by 2050. Welfare costs vary from near zero to less than 0.5% at the start, rising in the most stringent case to near 2% in 2050. If allowances were auctioned these proposals could produce revenue between {dollar}100 billion and {dollar}500 billion per year depending on the case. Outcomes from U.S. policies depend on mitigation effort abroads, and simulations are provided to illuminate terms-of-trade effects that influence the emissions prices and welfare effects, and even the environmental effectiveness, of U.S. actions. Sensitivity tests also are provided of several of key design features. Finally, the U.S. proposals, and the assumptions about effort elsewhere, are extended to 2100 to allow exploration of the potential role of these bills in the longer-term challenge of reducing climate change risk. Simulations show that the 50% to 80% targets are consistent with global goals of atmospheric stabilization at 450 to 550 ppmv CO2 but only if other nations, including the developing countries, follow suit."--abstract.
=530  \\$aAlso available in PDF from the NBER World Wide Web site (www.nber.org).
=540  \\$aBritish Library not licensed to copy$c0$5Uk
=650  \0$aAir quality management$xGovernment policy$zUnited States.
=650  \0$aAir$xPollution$xLaw and legislation$zUnited States.
=650  \0$aEnvironmental policy$zUnited States.
=650  \0$aEmissions trading$zUnited States.
=650  \0$aPollution prevention$zUnited States.
=700  1\$aPaltsev, Sergey V.$q(Sergey Vladimirovich).
=710  2\$aNational Bureau of Economic Research.
=830  \0$aWorking paper series (National Bureau of Economic Research) ;$vworking paper no. 13176.
=852  41$aBritish Library$bDSC$j6067.719500$ino. 13176
=856  41$uhttp://www.nber.org/papers/W13176.pdf$zClick here to download PDF file
=ACF  \\$aBritish Library not licensed to copy$c0$e01-oct-2013$hC$iCFP Excluded$5Uk
=CAT  \\$a9504$b40$c20070724$lBLL01$h1533
=CAT  \\$aBATCH-CLA$b00$c20130527$lBLL01$h0130
=CAT  \\$aBATCH-CLA$b00$c20130630$lBLL01$h1630
=CAT  \\$aIPL-CLA$c20130701$lBLL01$h0108
=CAT  \\$aBATCH-CLA$b00$c20130702$lBLL01$h0201
=CAT  \\$aBATCH-CLA$b00$c20130929$lBLL01$h1618
=CAT  \\$aIPL-CLA$c20130930$lBLL01$h1751
=CAT  \\$aBATCH-CLA$b00$c20131202$lBLL01$h0329
=CAT  \\$aIPL-CLA$c20140101$lBLL01$h0021
=CAT  \\$aBATCH-CLA$b00$c20140327$lBLL01$h1829
=CAT  \\$aIPL-CLA$c20140331$lBLL01$h1631
=CAT  \\$aBATCH-UPD$b00$c20171018$lBLL01$h1755
=CAT  \\$aBATCH-CLA$b00$c20171019$lBLL01$h0114
=CAT  \\$aW2308-1659$c20230923$lBLL01$h1041
=CAT  \\$aBATCH-CLA$b00$c20230924$lBLL01$h0649
=CFI  0\$aBritish Library not licensed to copy$c0$e01-apr-2014$hC$iCFP Excluded$5Uk
=FIN  \\$aY$d20070724
=FMT  \\$a  BK
=LAS  \\$aBATCH-CLA$b00$c20230924$lBLL01$h0649
=SID  \\$aZ39$bOCLC
=TCO  \\$aTRS$bCCC$c008

