=LDR  03509cam a22006137a 4500
=001  013799754
=003  Uk
=005  20230924064919.0
=007  cr\mn|||||||||
=008  070713s2007\\\\maua\\\\\b\\\\000\0\eng\d
=035  \\$a(OCoLC)155336738
=040  \\$aIUL$cIUL$dGZM$dUk
=100  1\$aCalvo, Guillermo A.
=245  10$aInterest rate rules, inflation stabilization, and imperfect credibility :$bthe small open economy case /$cGuillermo A. Calvo.
=260  \\$aCambridge, Mass. :$bNational Bureau of Economic Research,$cc2007.
=300  \\$a27 p. :$bill. ;$c22 cm.
=336  \\$atext$2rdacontent
=337  \\$acomputer$2rdamedia
=338  \\$aonline resource$2rdacarrier
=490  1\$aNBER working paper series ;$vno. 13177
=500  \\$a"June 2007"
=504  \\$aIncludes bibliographical references (p. 26-27).
=520  \\$a"The paper examines the robustness of Interest Rate Rules, IRRs, in the context of an imperfectly credible stabilization program, closely following the format of much of the literature in open-economy models, e.g., Calvo and V̌gh (1993 and 1999). A basic result is that IRRs, like Exchange Rate Based Stabilization, ERBS, programs, could give rise to macroeconomic distortion, e.g., underutilization of capacity and real exchange rate misalignment. However, while under imperfect credibility EBRS is associated with overheating and current account deficits, IRRs give rise to somewhat opposite results. Moreover, the paper shows that popular policies to counteract misalignment, like Strategic Foreign Exchange Market Intervention or Controls on International Capital Mobility may not be effective or could even become counterproductive. The bottom line is that the greater exchange rate flexibility granted by IRRs is by far not a sure shot against the macroeconomic costs infringed by imperfect credibility."--abstract.
=530  \\$aAlso available in PDF from the NBER world wide web site (www.nber.org).
=540  \\$aBritish Library not licensed to copy$c0$5Uk
=650  \0$aInterest rates.
=650  \0$aMacroeconomics$xEconometric models.
=650  \0$aMonetary policy.
=710  2\$aNational Bureau of Economic Research.
=830  \0$aWorking paper series (National Bureau of Economic Research) ;$vworking paper no. 13177.
=852  41$aBritish Library$bDSC$j6067.719500$ino. 13177
=856  41$uhttp://www.nber.org/papers/W13177.pdf$zClick here to download PDF file
=ACF  \\$aBritish Library not licensed to copy$c0$e01-oct-2013$hC$iCFP Excluded$5Uk
=CAT  \\$a9504$b40$c20070724$lBLL01$h1540
=CAT  \\$aBATCH-CLA$b00$c20130527$lBLL01$h0130
=CAT  \\$aBATCH-CLA$b00$c20130630$lBLL01$h1630
=CAT  \\$aIPL-CLA$c20130701$lBLL01$h0108
=CAT  \\$aBATCH-CLA$b00$c20130702$lBLL01$h0201
=CAT  \\$aBATCH-CLA$b00$c20130929$lBLL01$h1618
=CAT  \\$aIPL-CLA$c20130930$lBLL01$h1751
=CAT  \\$aBATCH-CLA$b00$c20131202$lBLL01$h0329
=CAT  \\$aIPL-CLA$c20140101$lBLL01$h0021
=CAT  \\$aBATCH-CLA$b00$c20140327$lBLL01$h1829
=CAT  \\$aIPL-CLA$c20140331$lBLL01$h1631
=CAT  \\$aBATCH-UPD$b00$c20211217$lBLL01$h2056
=CAT  \\$aBATCH-CLA$b00$c20211218$lBLL01$h0138
=CAT  \\$aW2308-1659$c20230923$lBLL01$h1041
=CAT  \\$aBATCH-CLA$b00$c20230924$lBLL01$h0649
=CFI  0\$aBritish Library not licensed to copy$c0$e01-apr-2014$hC$iCFP Excluded$5Uk
=FIN  \\$aY$d20070724
=FMT  \\$a  BK
=LAS  \\$aBATCH-CLA$b00$c20230924$lBLL01$h0649
=SID  \\$aZ39$bOCLC
=TCO  \\$aTRS$bCCC$c008

