=LDR  03577cam a22006137a 4500
=001  013799758
=003  Uk
=005  20230924064919.0
=007  cr\bn|||||||||
=008  070716s2007\\\\mau\\\\\\b\\\\000\0\eng\d
=035  \\$a(OCoLC)155854254
=040  \\$aIUL$cIUL$dGZM$dUk
=100  1\$aAghion, Philippe.
=245  10$aDemocracy, technology, and growth /$cPhilippe Aghion, Alberto Alesina, Francesco Trebbi.
=260  \\$aCambridge, Mass. :$bNational Bureau of Economic Research,$cc2007.
=300  \\$a22, [9] p. ;$c22 cm.
=336  \\$atext$2rdacontent
=337  \\$acomputer$2rdamedia
=338  \\$aonline resource$2rdacarrier
=490  1\$aNBER working paper series ;$vno. 13180
=500  \\$a"June 2007"
=504  \\$aIncludes bibliographical references (p. 20-22).
=520  \\$a"We explore the question of how political institutions and particularly democracy affect economic growth. Although empirical evidence of a positive effect of democracy on economic performance in the aggregate is weak, we provide evidence that democracy influences productivity growth in different sectors differently and that this differential effect may be one of the reasons of the ambiguity of the aggregate results. We provide evidence that political rights are conducive to growth in more advanced sectors of an economy, while they do not matter or have a negative effect on growth in sectors far away from the technological frontier. One channel of explanation goes through the beneficial effects of democracy and political rights on the freedom of entry in markets. Overall, democracies tend to have much lower entry barriers than autocracies, because political accountability reduces the protection of vested interests, and entry in turn is known to be generally more growth-enhancing in sectors that are closer to the technological frontier. We present empirical evidence that supports this entry explanation."--abstract.
=530  \\$aAlso available in PDF from the NBER world wide web site (www.nber.org).
=540  \\$aBritish Library not licensed to copy$c0$5Uk
=650  \0$aDemocracy$xEconomic aspects.
=650  \0$aEconomic development$xEconometric models.
=700  1\$aAlesina, Alberto.
=700  1\$aTrebbi, Francesco.
=710  2\$aNational Bureau of Economic Research.
=830  \0$aWorking paper series (National Bureau of Economic Research) ;$vworking paper no. 13180.
=852  41$aBritish Library$bDSC$j6067.719500$ino. 13180
=856  41$uhttp://www.nber.org/papers/W13180.pdf$zClick here to download PDF file
=ACF  \\$aBritish Library not licensed to copy$c0$e01-oct-2013$hC$iCFP Excluded$5Uk
=CAT  \\$a9504$b40$c20070724$lBLL01$h1542
=CAT  \\$aBATCH-CLA$b00$c20130527$lBLL01$h0130
=CAT  \\$aBATCH-CLA$b00$c20130630$lBLL01$h1630
=CAT  \\$aIPL-CLA$c20130701$lBLL01$h0108
=CAT  \\$aBATCH-CLA$b00$c20130702$lBLL01$h0201
=CAT  \\$aBATCH-CLA$b00$c20130929$lBLL01$h1618
=CAT  \\$aIPL-CLA$c20130930$lBLL01$h1751
=CAT  \\$aBATCH-CLA$b00$c20131202$lBLL01$h0329
=CAT  \\$aIPL-CLA$c20140101$lBLL01$h0021
=CAT  \\$aBATCH-CLA$b00$c20140327$lBLL01$h1829
=CAT  \\$aIPL-CLA$c20140331$lBLL01$h1631
=CAT  \\$aBATCH-UPD$b00$c20160715$lBLL01$h2101
=CAT  \\$aW2308-1659$c20230923$lBLL01$h1041
=CAT  \\$aBATCH-CLA$b00$c20230924$lBLL01$h0649
=CFI  0\$aBritish Library not licensed to copy$c0$e01-apr-2014$hC$iCFP Excluded$5Uk
=FIN  \\$aY$d20070724
=FMT  \\$a  BK
=LAS  \\$aBATCH-CLA$b00$c20230924$lBLL01$h0649
=SID  \\$aZ39$bOCLC
=TCO  \\$aTRS$bCCC$c008

