=LDR  03737cam a22006257a 4500
=001  013799762
=003  Uk
=005  20230924064919.0
=007  cr\mn|||||||||
=008  070713s2007\\\\maua\\\\\b\\\\000\0\eng\d
=035  \\$a(OCoLC)155339659
=040  \\$aIUL$cIUL$dGZM$dUk
=043  \\$an-us---
=100  1\$aRuhm, Christopher J.
=245  10$aCurrent and future prevalence of obesity and severe obesity in the United States /$cChristopher J. Ruhm.
=260  \\$aCambridge, Mass. :$bNational Bureau of Economic Research,$cc2007.
=300  \\$a32 p. :$bill. ;$c22 cm.
=336  \\$atext$2rdacontent
=337  \\$acomputer$2rdamedia
=338  \\$aonline resource$2rdacarrier
=490  1\$aNBER working paper series ;$vno. 13181
=500  \\$a"June 2007"
=504  \\$aIncludes bibliographical references (p. 19-22).
=520  \\$a"The prevalence of obesity has increased rapidly since the mid-1970s, following a period of relative stability. This study examines past patterns and projects future prevalence rates of obesity and severe obesity among US adults through 2020. Trends in body mass index (BMI), overweight (BMI 25), obesity (BMI 30), class 2 obesity (BMI 35), class 3 obesity (BMI 40) and class 4 obesity (BMI 45) of 20-74 year olds are obtained using data from the first National Health Examination Survey and the Nutrition Health and Nutrition Examination Surveys. Quantile regression methods are then used to forecast future prevalence rates through 2020. By that year, 77.6% of men are predicted to be overweight and 40.2% obese, with class 2, 3 and 4 obesity prevalence rates projected at 16.4%, 6.3% and 3.1%. The corresponding forecasts for women are 71.1%, 43.3%, 25.3%, 12.8% and 5.8%. The large growth predicted for severe obesity represents a major public health challenge, given the accompanying high medical expenditures and elevated risk of mortality and morbidity. Combating severe obesity is likely to require strategies targeting the particularly large weight gains of the heaviest individuals."--abstract.
=530  \\$aAlso available in PDF from the NBER world wide web site (www.nber.org).
=540  \\$aBritish Library not licensed to copy$c0$5Uk
=650  \0$aObesity$zUnited States$xMathematical models.
=650  \0$aObesity$zUnited States$xPrevention.
=650  \0$aPublic health$zUnited States.
=710  2\$aNational Bureau of Economic Research.
=830  \0$aWorking paper series (National Bureau of Economic Research) ;$vworking paper no. 13181.
=852  41$aBritish Library$bDSC$j6067.719500$ino. 13181
=856  41$uhttp://www.nber.org/papers/W13181.pdf$zClick here to download PDF file
=ACF  \\$aBritish Library not licensed to copy$c0$e01-oct-2013$hC$iCFP Excluded$5Uk
=CAT  \\$a9504$b40$c20070724$lBLL01$h1546
=CAT  \\$aBATCH-CLA$b00$c20130527$lBLL01$h0130
=CAT  \\$aBATCH-CLA$b00$c20130630$lBLL01$h1630
=CAT  \\$aIPL-CLA$c20130701$lBLL01$h0108
=CAT  \\$aBATCH-CLA$b00$c20130702$lBLL01$h0201
=CAT  \\$aBATCH-CLA$b00$c20130929$lBLL01$h1618
=CAT  \\$aIPL-CLA$c20130930$lBLL01$h1751
=CAT  \\$aBATCH-CLA$b00$c20131202$lBLL01$h0329
=CAT  \\$aIPL-CLA$c20140101$lBLL01$h0021
=CAT  \\$aBATCH-CLA$b00$c20140327$lBLL01$h1829
=CAT  \\$aIPL-CLA$c20140331$lBLL01$h1631
=CAT  \\$aBATCH-UPD$b00$c20190320$lBLL01$h1641
=CAT  \\$aBATCH-CLA$b00$c20190321$lBLL01$h0110
=CAT  \\$aW2308-1659$c20230923$lBLL01$h1041
=CAT  \\$aBATCH-CLA$b00$c20230924$lBLL01$h0649
=CFI  0\$aBritish Library not licensed to copy$c0$e01-apr-2014$hC$iCFP Excluded$5Uk
=FIN  \\$aY$d20070724
=FMT  \\$a  BK
=LAS  \\$aBATCH-CLA$b00$c20230924$lBLL01$h0649
=SID  \\$aZ39$bOCLC
=TCO  \\$aTRS$bCCC$c008

