=LDR  02674cam a22006497a 4500
=001  013799766
=003  Uk
=005  20230924064919.0
=008  070713s2007\\\\mau\\\\\\b\\\\000\0\eng\d
=035  \\$a(OCoLC)155335535
=040  \\$aIUL$cIUL$dGZM$dUk
=100  1\$aHoffmann, Florian.
=245  12$aA professor like me :$bthe influence of instructor gender on college achievement /$cFlorian Hoffman, Philip Oreopoulos.
=260  \\$aCambridge, Mass. :$bNational Bureau of Economic Research,$cc2007.
=300  \\$a21, [7] p. ;$c22 cm.
=336  \\$atext$2rdacontent
=337  \\$aunmediated$2rdamedia
=338  \\$avolume$2rdacarrier
=490  1\$aNBER working paper series ;$vno. 13182
=504  \\$aIncludes bibliographical references (p. 20-21).
=530  \\$aAlso available in PDF from the NBER world wide web site (www.nber.org).
=540  \\$aBritish Library not licensed to copy$c0$5Uk
=650  \0$aSex differences in education.
=650  \0$aAcademic achievement$xMathematical models.
=650  \0$aCollege teaching$xSocial aspects.
=650  \0$aEducation, Higher$xSocial aspects.
=700  1\$aOreopoulos, Philip.
=710  2\$aNational Bureau of Economic Research.
=830  \0$aNBER working paper series ;$vno. 13182
=852  41$aBritish Library$bDSC$j6067.719500$ino. 13182
=856  41$uhttp://www.nber.org/papers/W13182.pdf$zClick here to download PDF file
=ACF  \\$aBritish Library not licensed to copy$c0$e01-oct-2013$hC$iCFP Excluded$5Uk
=CAT  \\$a9504$b40$c20070724$lBLL01$h1553
=CAT  \\$a11070$b40$c20070727$lBLL01$h1103
=CAT  \\$aBATCH-UPD$b40$c20071009$lBLL01$h0039
=CAT  \\$aBATCH$b00$c20091217$lBLL01$h0501
=CAT  \\$aBATCH$b00$c20100103$lBLL01$h1254
=CAT  \\$aBATCH-CLA$b00$c20130527$lBLL01$h0130
=CAT  \\$aBATCH-CLA$b00$c20130630$lBLL01$h1630
=CAT  \\$aIPL-CLA$c20130701$lBLL01$h0108
=CAT  \\$aBATCH-CLA$b00$c20130702$lBLL01$h0201
=CAT  \\$aBATCH-CLA$b00$c20130929$lBLL01$h1618
=CAT  \\$aIPL-CLA$c20130930$lBLL01$h1751
=CAT  \\$aBATCH-CLA$b00$c20131202$lBLL01$h0329
=CAT  \\$aIPL-CLA$c20140101$lBLL01$h0021
=CAT  \\$aBATCH-CLA$b00$c20140327$lBLL01$h1829
=CAT  \\$aIPL-CLA$c20140331$lBLL01$h1631
=CAT  \\$aBATCH-UPD$b00$c20200819$lBLL01$h1840
=CAT  \\$aBATCH-CLA$b00$c20200820$lBLL01$h0105
=CAT  \\$aW2308-1659$c20230923$lBLL01$h1041
=CAT  \\$aBATCH-CLA$b00$c20230924$lBLL01$h0649
=CFI  0\$aBritish Library not licensed to copy$c0$e01-apr-2014$hC$iCFP Excluded$5Uk
=FIN  \\$aY$d20070724
=FMT  \\$a  BK
=LAS  \\$aBATCH-CLA$b00$c20230924$lBLL01$h0649
=SID  \\$aZ39$bOCLC
=TCO  \\$aTRS$bCCC$c008

