=LDR  03231cam a22006137a 4500
=001  013799773
=003  Uk
=005  20230924064919.0
=007  cr\bn|||||||||
=008  070710s2007\\\\mau\\\\\\b\\\\000\0\eng\d
=035  \\$a(OCoLC)154206430
=040  \\$aGZM$cGZM$dUk
=100  1\$aFogel, Robert William.
=245  10$aCapitalism and democracy in 2040 :$bforecasts and speculations /$cRobert W. Fogel.
=260  \\$aCambridge, Mass. :$bNational Bureau of Economic Research,$cc2007.
=300  \\$a22 p. ;$c22 cm.
=336  \\$atext$2rdacontent
=337  \\$acomputer$2rdamedia
=338  \\$aonline resource$2rdacarrier
=490  1\$aNBER working paper series ;$vno. 13184
=500  \\$a"June 2007"
=504  \\$aIncludes bibliographical references (p. 18-22).
=520  \\$a"While the economies of the fifteen countries that were in the European Union (EU15) in 2000 will continue to grow from now until 2040, they will not be able to match the surges in growth that will occur in South and East Asia. In 2040, the Chinese economy will reach {dollar}123 trillion, or nearly three times the output of the entire globe in the year 2000, despite the influence of several potential political and economic constraints. India's economy will also continue to grow, although significant constraints (both political and economic) will keep it from reaching China's levels. The projected decline of the EU15's global share of GDP means that Asia will be poised to take up the role of promoting liberal democracy across the globe."--abstract.
=530  \\$aAlso available in PDF from the NBER World Wide Web site (www.nber.org).
=540  \\$aBritish Library not licensed to copy$c0$5Uk
=650  \0$aEconomic geography$xForecasting.
=650  \0$aCompetition, International$xForecasting.
=650  \0$aDemocracy$xEconomic aspects$xForecasting.
=710  2\$aNational Bureau of Economic Research.
=830  \0$aWorking paper series (National Bureau of Economic Research) ;$vworking paper no. 13184.
=852  41$aBritish Library$bDSC$j6067.719500$ino. 13184
=856  41$uhttp://www.nber.org/papers/W13184.pdf$zClick here to download PDF file
=ACF  \\$aBritish Library not licensed to copy$c0$e01-oct-2013$hC$iCFP Excluded$5Uk
=CAT  \\$a9504$b40$c20070724$lBLL01$h1600
=CAT  \\$aBATCH-CLA$b00$c20130527$lBLL01$h0130
=CAT  \\$aBATCH-CLA$b00$c20130630$lBLL01$h1630
=CAT  \\$aIPL-CLA$c20130701$lBLL01$h0108
=CAT  \\$aBATCH-CLA$b00$c20130702$lBLL01$h0201
=CAT  \\$aBATCH-CLA$b00$c20130929$lBLL01$h1618
=CAT  \\$aIPL-CLA$c20130930$lBLL01$h1751
=CAT  \\$aBATCH-CLA$b00$c20131202$lBLL01$h0329
=CAT  \\$aIPL-CLA$c20140101$lBLL01$h0021
=CAT  \\$aBATCH-CLA$b00$c20140327$lBLL01$h1829
=CAT  \\$aIPL-CLA$c20140331$lBLL01$h1631
=CAT  \\$aBATCH-UPD$b00$c20211217$lBLL01$h2056
=CAT  \\$aBATCH-CLA$b00$c20211218$lBLL01$h0138
=CAT  \\$aW2308-1659$c20230923$lBLL01$h1041
=CAT  \\$aBATCH-CLA$b00$c20230924$lBLL01$h0649
=CFI  0\$aBritish Library not licensed to copy$c0$e01-apr-2014$hC$iCFP Excluded$5Uk
=FIN  \\$aY$d20070724
=FMT  \\$a  BK
=LAS  \\$aBATCH-CLA$b00$c20230924$lBLL01$h0649
=SID  \\$aZ39$bOCLC
=TCO  \\$aTRS$bCCC$c008

