=LDR  03198cam a22006377a 4500
=001  013801191
=003  Uk
=005  20230924064919.0
=007  cr\mn|||||||||
=008  070710s2007\\\\maua\\\\\b\\\\000\0\eng\d
=035  \\$a(OCoLC)154206942
=040  \\$aGZM$cGZM$dUk
=100  1\$aBaker, Michael,$d1959-
=245  10$aMaternal employment, breastfeeding, and health :$bevidence from maternity leave mandates /$cMichael Baker, Kevin S. Milligan.
=260  \\$aCambridge, Mass. :$bNational Bureau of Economic Research,$cc2007.
=300  \\$a46 p. :$bill. ;$c22 cm.
=336  \\$atext$2rdacontent
=337  \\$acomputer$2rdamedia
=338  \\$aonline resource$2rdacarrier
=490  1\$aNBER working paper series ;$vno. 13188
=500  \\$a"June 2007"
=504  \\$aIncludes bibliographical references (p. 30-33).
=520  \\$a"Public health agencies around the world have renewed efforts to increase the incidence and duration of breastfeeding. Maternity leave mandates present an economic policy that could help achieve these goals. We study their efficacy focusing on a significant increase in maternity leave mandates in Canada. We find very large increases in mothers' time away from work post-birth and in the attainment of critical breastfeeding duration thresholds. However, we find little impact on the self-reported indicators of maternal and child health captured in our data."--abstract.
=530  \\$aAlso available in PDF from the NBER World Wide Web site (www.nber.org).
=540  \\$aBritish Library not licensed to copy$c0$5Uk
=650  \0$aMaternity leave$xEconomic aspects.
=650  \0$aMaternity leave$xGovernment policy$zCanada.
=650  \0$aBreastfeeding$xEconometric models.
=650  \0$aInfants$xHealth and hygiene$xEconomic aspects.
=700  1\$aMilligan, Kevin.
=710  2\$aNational Bureau of Economic Research.
=830  \0$aWorking paper series (National Bureau of Economic Research) ;$vworking paper no. 13188.
=852  41$aBritish Library$bDSC$j6067.719500$ino. 13188
=856  41$uhttp://www.nber.org/papers/W13188.pdf$zClick here to download PDF file
=ACF  \\$aBritish Library not licensed to copy$c0$e01-oct-2013$hC$iCFP Excluded$5Uk
=CAT  \\$a9504$b40$c20070725$lBLL01$h0831
=CAT  \\$aBATCH-CLA$b00$c20130527$lBLL01$h0130
=CAT  \\$aBATCH-CLA$b00$c20130630$lBLL01$h1630
=CAT  \\$aIPL-CLA$c20130701$lBLL01$h0108
=CAT  \\$aBATCH-CLA$b00$c20130702$lBLL01$h0201
=CAT  \\$aBATCH-CLA$b00$c20130929$lBLL01$h1618
=CAT  \\$aIPL-CLA$c20130930$lBLL01$h1751
=CAT  \\$aBATCH-CLA$b00$c20131202$lBLL01$h0329
=CAT  \\$aIPL-CLA$c20140101$lBLL01$h0021
=CAT  \\$aBATCH-CLA$b00$c20140327$lBLL01$h1829
=CAT  \\$aIPL-CLA$c20140331$lBLL01$h1631
=CAT  \\$aBATCH-UPD$b00$c20191001$lBLL01$h1942
=CAT  \\$aBATCH-CLA$b00$c20191002$lBLL01$h0138
=CAT  \\$aW2308-1659$c20230923$lBLL01$h1041
=CAT  \\$aBATCH-CLA$b00$c20230924$lBLL01$h0649
=CFI  0\$aBritish Library not licensed to copy$c0$e01-apr-2014$hC$iCFP Excluded$5Uk
=FIN  \\$aY$d20070725
=FMT  \\$a  BK
=LAS  \\$aBATCH-CLA$b00$c20230924$lBLL01$h0649
=SID  \\$aZ39$bOCLC
=TCO  \\$aTRS$bCCC$c008

