=LDR  03313cam a22006257a 4500
=001  013803765
=003  Uk
=005  20230924064920.0
=007  cr\mn|||||||||
=008  070711s2007\\\\maua\\\\\b\\\\000\0\eng\d
=035  \\$a(OCoLC)154373151
=040  \\$aIUL$cIUL$dGZM$dUk
=100  1\$aBacchetta, Philippe.
=245  10$aRandom walk expectations and the forward discount puzzle /$cPhilippe Bacchetta, Eric van Wincoop.
=260  \\$aCambridge, Mass. :$bNational Bureau of Economic Research,$cc2007.
=300  \\$a13, [1] p. :$bill. ;$c22 cm.
=336  \\$atext$2rdacontent
=337  \\$acomputer$2rdamedia
=338  \\$aonline resource$2rdacarrier
=490  1\$aNBER working paper series ;$vno. 13205
=500  \\$a"June 2007"
=504  \\$aIncludes bibliographical references (p. 9).
=520  \\$a"Two well-known, but seemingly contradictory, features of exchange rates are that they are close to a random walk while at the same time exchange rate changes are predictable by interest rate differentials. In this paper we investigate whether these two features of the data may in fact be related. In particular, we ask whether the predictability of exchange rates by interest differentials naturally results when participants in the FX market adopt random walk expectations. We find that random walk expectations can explain the forward discount puzzle, but only if FX portfolio positions are revised infrequently. In contrast, with frequent portfolio adjustment and random walk expectations, we find that high interest rate currencies depreciate much more than what UIP would predict."--Abstract.
=530  \\$aAlso available in PDF from the NBER world wide web site (www.nber.org).
=540  \\$aBritish Library not licensed to copy$c0$5Uk
=650  \0$aRandom walks (Mathematics)
=650  \0$aForeign exchange rates$xEconometric models.
=650  \0$aInterest rates.
=700  1\$aVan Wincoop, Eric.
=710  2\$aNational Bureau of Economic Research.
=830  \0$aWorking paper series (National Bureau of Economic Research) ;$vworking paper no. 13205.
=852  41$aBritish Library$bDSC$j6067.719500$ino. 13205
=856  41$uhttp://www.nber.org/papers/W13205.pdf$zClick here to download PDF file
=ACF  \\$aBritish Library not licensed to copy$c0$e01-oct-2013$hC$iCFP Excluded$5Uk
=CAT  \\$a8411$b40$c20070730$lBLL01$h1133
=CAT  \\$aBATCH-CLA$b00$c20130527$lBLL01$h0130
=CAT  \\$aBATCH-CLA$b00$c20130630$lBLL01$h1630
=CAT  \\$aIPL-CLA$c20130701$lBLL01$h0108
=CAT  \\$aBATCH-CLA$b00$c20130702$lBLL01$h0201
=CAT  \\$aBATCH-CLA$b00$c20130929$lBLL01$h1618
=CAT  \\$aIPL-CLA$c20130930$lBLL01$h1751
=CAT  \\$aBATCH-CLA$b00$c20131202$lBLL01$h0329
=CAT  \\$aIPL-CLA$c20140101$lBLL01$h0022
=CAT  \\$aBATCH-CLA$b00$c20140327$lBLL01$h1829
=CAT  \\$aIPL-CLA$c20140331$lBLL01$h1631
=CAT  \\$aBATCH-UPD$b00$c20211217$lBLL01$h2056
=CAT  \\$aBATCH-CLA$b00$c20211218$lBLL01$h0138
=CAT  \\$aW2308-1659$c20230923$lBLL01$h1042
=CAT  \\$aBATCH-CLA$b00$c20230924$lBLL01$h0649
=CFI  0\$aBritish Library not licensed to copy$c0$e01-apr-2014$hC$iCFP Excluded$5Uk
=FIN  \\$aY$d20070730
=FMT  \\$a  BK
=LAS  \\$aBATCH-CLA$b00$c20230924$lBLL01$h0649
=SID  \\$aZ39$bOCLC
=TCO  \\$aTRS$bCCC$c008

