=LDR  02646cam a22006377a 4500
=001  013805079
=003  Uk
=005  20230924064920.0
=008  070718s2007\\\\maua\\\\\b\\\\000\0\eng\d
=035  \\$a(OCoLC)156822074
=040  \\$aGZM$beng$cGZM$dUk
=100  10$aBils, Mark.
=245  10$aComparative advantage in cyclical unemployment /$cMark Bils, Yongsung Chang, Sun-Bin Kim.
=260  \\$aCambridge, Mass. :$bNational Bureau of Economic Research,$cc2007.
=300  \\$a38, [15] :$bill. ;$c22 cm.
=336  \\$atext$2rdacontent
=337  \\$aunmediated$2rdamedia
=338  \\$avolume$2rdacarrier
=490  1\$aWorking paper series (National Bureau of Economic Research) ;$vworking paper no. 13231.
=500  \\$a"July 2007"
=504  \\$aIncludes bibliographical references (p. 32-34).
=530  \\$aAlso available in PDF from the NBER world wide web site (www.nber.org).
=540  \\$aBritish Library not licensed to copy$c0$5Uk
=650  \0$aLabor supply$xMathematical models.
=650  \0$aUnemployment$xMathematical models.
=700  1\$aChang, Yongsung,$d1966-
=700  1\$aKim, Sun-Bin.
=710  2\$aNational Bureau of Economic Research.
=830  \0$aWorking paper series (National Bureau of Economic Research) ;$vworking paper no. 13231.
=852  41$aBritish Library$bDSC$j6067.719500$ino. 13231
=856  41$uhttp://www.nber.org/papers/W13231.pdf$zClick here to download PDF file
=ACF  \\$aBritish Library not licensed to copy$c0$e01-oct-2013$hC$iCFP Excluded$5Uk
=CAT  \\$a7164$b40$c20070731$lBLL01$h1548
=CAT  \\$a11070$b40$c20070803$lBLL01$h1131
=CAT  \\$aBATCH$b00$c20091217$lBLL01$h0502
=CAT  \\$aBATCH$b00$c20100103$lBLL01$h1255
=CAT  \\$aBATCH-CLA$b00$c20130527$lBLL01$h0130
=CAT  \\$aBATCH-CLA$b00$c20130630$lBLL01$h1630
=CAT  \\$aIPL-CLA$c20130701$lBLL01$h0108
=CAT  \\$aBATCH-CLA$b00$c20130702$lBLL01$h0201
=CAT  \\$aBATCH-CLA$b00$c20130929$lBLL01$h1618
=CAT  \\$aIPL-CLA$c20130930$lBLL01$h1751
=CAT  \\$aBATCH-CLA$b00$c20131202$lBLL01$h0329
=CAT  \\$aIPL-CLA$c20140101$lBLL01$h0022
=CAT  \\$aBATCH-CLA$b00$c20140327$lBLL01$h1829
=CAT  \\$aIPL-CLA$c20140331$lBLL01$h1631
=CAT  \\$aBATCH-UPD$b00$c20200617$lBLL01$h1829
=CAT  \\$aBATCH-CLA$b00$c20200618$lBLL01$h0102
=CAT  \\$aW2308-1659$c20230923$lBLL01$h1042
=CAT  \\$aBATCH-CLA$b00$c20230924$lBLL01$h0649
=CFI  0\$aBritish Library not licensed to copy$c0$e01-apr-2014$hC$iCFP Excluded$5Uk
=FIN  \\$aY$d20070803
=FMT  \\$a  BK
=LAS  \\$aBATCH-CLA$b00$c20230924$lBLL01$h0649
=SID  \\$aZ39$bOCLC
=TCO  \\$aTRS$bCCC$c008

