=LDR  03723cam a22006137a 4500
=001  013805102
=003  Uk
=005  20230924064920.0
=007  cr\mn|||||||||
=008  070711s2007\\\\maua\\\\\b\\\\000\0\eng\d
=035  \\$a(OCoLC)154376597
=040  \\$aIUL$cIUL$dGZM$dUk
=043  \\$an-us---
=100  1\$aKang, Sŭng-wŏn.
=245  10$aAfter Johnny came marching home :$bthe political economy of veterans' benefits in the nineteenth century /$cSung Won Kang, Hugh Rockoff.
=260  \\$aCambridge, Mass. :$bNational Bureau of Economic Research,$cc2007.
=300  \\$a71 p. :$bill. ;$c22 cm.
=336  \\$atext$2rdacontent
=337  \\$acomputer$2rdamedia
=338  \\$aonline resource$2rdacarrier
=490  1\$aNBER working paper series ;$vno. 13223
=500  \\$a"July 2007"
=504  \\$aIncludes bibliographical references (p. 48-51).
=520  \\$a"This paper explores new estimates of the number of veterans and the value of veterans' benefits -- both cash benefits and land grants -- from the Revolution to 1900. Benefits, it turns out, varied substantially from war to war. The veterans of the War of 1812, in particular, received a smaller amount of benefits than did the veterans of the other nineteenth century wars. A number of factors appear to account for the differences across wars. Some are familiar from studies of other government programs: the previous history of veterans' benefits, the wealth of the United States, the number of veterans relative to the population, and the lobbying efforts of lawyers and other agents employed by veterans. Some are less familiar. There were several occasions, for example, when public attitudes toward the war appeared to influence the amount of benefits. Perhaps the most important factor, however, was the state of the federal treasury. When the federal government ran a surplus, veterans were likely to receive additional benefits; when it ran a deficit, veterans' hopes for additional benefits went unfilled. Veterans' benefits were, to use the terms a bit freely, more like a luxury than a necessity."--Abstract.
=530  \\$aAlso available in PDF from the NBER world wide web site (www.nber.org).
=540  \\$aBritish Library not licensed to copy$c0$5Uk
=610  10$aUnited States.$tVeterans' Benefits$y19th century.
=700  1\$aRockoff, Hugh.
=710  2\$aNational Bureau of Economic Research.
=830  \0$aWorking paper series (National Bureau of Economic Research) ;$vworking paper no. 13223.
=852  41$aBritish Library$bDSC$j6067.719500$ino. 13223
=856  41$uhttp://www.nber.org/papers/W13223.pdf$zClick here to download PDF file
=ACF  \\$aBritish Library not licensed to copy$c0$e01-oct-2013$hC$iCFP Excluded$5Uk
=CAT  \\$a7164$b40$c20070731$lBLL01$h1556
=CAT  \\$aBATCH-CLA$b00$c20130527$lBLL01$h0130
=CAT  \\$aBATCH-CLA$b00$c20130630$lBLL01$h1630
=CAT  \\$aIPL-CLA$c20130701$lBLL01$h0108
=CAT  \\$aBATCH-CLA$b00$c20130702$lBLL01$h0201
=CAT  \\$aBATCH-CLA$b00$c20130929$lBLL01$h1618
=CAT  \\$aIPL-CLA$c20130930$lBLL01$h1751
=CAT  \\$aBATCH-CLA$b00$c20131202$lBLL01$h0329
=CAT  \\$aIPL-CLA$c20140101$lBLL01$h0022
=CAT  \\$aBATCH-CLA$b00$c20140327$lBLL01$h1829
=CAT  \\$aIPL-CLA$c20140331$lBLL01$h1631
=CAT  \\$aBATCH-UPD$b00$c20211217$lBLL01$h2056
=CAT  \\$aBATCH-CLA$b00$c20211218$lBLL01$h0138
=CAT  \\$aW2308-1659$c20230923$lBLL01$h1042
=CAT  \\$aBATCH-CLA$b00$c20230924$lBLL01$h0649
=CFI  0\$aBritish Library not licensed to copy$c0$e01-apr-2014$hC$iCFP Excluded$5Uk
=FIN  \\$aY$d20070731
=FMT  \\$a  BK
=LAS  \\$aBATCH-CLA$b00$c20230924$lBLL01$h0649
=SID  \\$aZ39$bOCLC
=TCO  \\$aTRS$bCCC$c008

