=LDR  03852cam a22006377a 4500
=001  013805125
=003  Uk
=005  20230924064920.0
=008  070725s2007\\\\mau\\\\\\b\\\\000\0\eng\d
=035  \\$a(OCoLC)156979864
=040  \\$aGUL$cGUL$dIUL$dUk
=100  1\$aBayer, Patrick J.
=245  12$aA unified framework for measuring preferences for schools and neighborhoods /$cPatrick Bayer, Fernando Ferreira, Robert McMillan.
=260  \\$aCambridge, Mass. :$bNational Bureau of Economic Research,$c2007.
=300  \\$a35 p. ;$c22 cm.
=336  \\$atext$2rdacontent
=337  \\$aunmediated$2rdamedia
=338  \\$avolume$2rdacarrier
=490  1\$aNBER working paper series ;$vno. 13236
=500  \\$a"July 2007"
=504  \\$aIncludes bibliographical references (p. 30-32).
=520  \\$aThis paper develops a comprehensive framework for estimating household preferences for school and neighborhood attributes in the presence of sorting. It embeds a boundary discontinuity design in a heterogeneous model of residential choice to address the endogeneity of school and neighborhood attributes. The model is estimated using restricted-access Census data from a large metropolitan area, yielding a number of new results. First, households are willing to pay less than one percent more in house prices -- substantially lower than previous estimates -- when the average performance of the local school increases by five percent. Second, much of the apparent willingness to pay for more educated and wealthier neighbors is explained by the correlation of these sociodemographic measures with unobserved neighborhood quality. Third, neighborhood race is not capitalized directly into housing prices; instead, the negative correlation of neighborhood race and housing prices is due entirely to the fact that blacks live in unobservably lower quality neighborhoods. Finally, there is considerable heterogeneity in preferences for schools and neighbors: in particular, we find that households prefer to self-segregate on the basis of both race and education.
=530  \\$aAlso available in PDF from the NBER world wide web site (www.nber.org)
=540  \\$aBritish Library not licensed to copy$c0$5Uk
=650  \0$aHousing$xMathematical models.
=650  \0$aNeighborhood$xMathematical models.
=650  \0$aSchool choice$xMathematical models.
=700  1\$aFerreira, Fernando Vendramel.
=700  1\$aMcMillan, Robert.
=710  2\$aNational Bureau of Economic Research.
=830  \0$aWorking paper series (National Bureau of Economic Research) ;$vno. 13236.
=852  41$aBritish Library$bDSC$j6067.719500$ino. 13236
=856  41$uhttp://papers.nber.org/papers/13236$zConnect to electronic version
=ACF  \\$aBritish Library not licensed to copy$c0$e01-oct-2013$hC$iCFP Excluded$5Uk
=CAT  \\$a9504$b40$c20070731$lBLL01$h1608
=CAT  \\$aBATCH-UPD$b40$c20101101$lBLL01$h0000
=CAT  \\$aBATCH-CLA$b00$c20130527$lBLL01$h0130
=CAT  \\$aBATCH-CLA$b00$c20130630$lBLL01$h1630
=CAT  \\$aIPL-CLA$c20130701$lBLL01$h0108
=CAT  \\$aBATCH-CLA$b00$c20130702$lBLL01$h0201
=CAT  \\$aBATCH-CLA$b00$c20130929$lBLL01$h1618
=CAT  \\$aIPL-CLA$c20130930$lBLL01$h1751
=CAT  \\$aBATCH-CLA$b00$c20131202$lBLL01$h0329
=CAT  \\$aIPL-CLA$c20140101$lBLL01$h0022
=CAT  \\$aBATCH-CLA$b00$c20140327$lBLL01$h1829
=CAT  \\$aIPL-CLA$c20140331$lBLL01$h1631
=CAT  \\$aBATCH-UPD$b00$c20211217$lBLL01$h2056
=CAT  \\$aBATCH-CLA$b00$c20211218$lBLL01$h0138
=CAT  \\$aW2308-1659$c20230923$lBLL01$h1042
=CAT  \\$aBATCH-CLA$b00$c20230924$lBLL01$h0649
=CFI  0\$aBritish Library not licensed to copy$c0$e01-apr-2014$hC$iCFP Excluded$5Uk
=FIN  \\$aY$d20070731
=FMT  \\$a  BK
=LAS  \\$aBATCH-CLA$b00$c20230924$lBLL01$h0649
=SID  \\$aZ39$bOCLC
=TCO  \\$aTRS$bCCC$c008

