=LDR  03143cam a22006257a 4500
=001  013806521
=003  Uk
=005  20230924064920.0
=008  070725s2007\\\\maua\\\\\b\\\\000\0\eng\d
=035  \\$a(OCoLC)156979985
=040  \\$aGUL$cGUL$dUk
=245  00$aDoes age structure forecast economic growth? /$cDavid E. Bloom ... [et al.]
=260  \\$aCambridge, Mass. :$bNational Bureau of Economic Research,$c2007.
=300  \\$a42 p. :$bill. ;$c22 cm.
=336  \\$atext$2rdacontent
=337  \\$aunmediated$2rdamedia
=338  \\$avolume$2rdacarrier
=490  1\$aNBER working paper series ;$vno. 13221
=500  \\$a"July 2007"
=504  \\$aIncludes bibliographical references (p. 22-24).
=520  \\$aIncreases in the proportion of the working age population can yield a "demographic dividend" that enhances the rate of economic growth. We estimate the parameters of an economic growth model with a cross section of countries over the period 1960 to 1980 and investigate whether the inclusion of age structure improves the model's forecasts for the period 1980 to 2000. We find that including age structure improves the forecast, although there is evidence of parameter instability between periods with an unexplained growth slowdown in the second period. We use the model to generate growth forecasts for the period 2000 to 2020.
=530  \\$aAlso available in PDF from the NBER world wide web site (www.nber.org)
=540  \\$aBritish Library not licensed to copy$c0$5Uk
=650  \0$aAging$xEconomic aspects.
=650  \0$aPopulation$xEconomic aspects.
=650  \0$aEconomic development$xEconometric models.
=650  \0$aEconomic forecasting.
=700  1\$aBloom, David E.$q(David Elliot),$d1955-
=710  2\$aNational Bureau of Economic Research.
=830  \0$aWorking paper series (National Bureau of Economic Research) ;$vno. 13221.
=852  41$aBritish Library$bDSC$j6067.719500$ino. 13221
=856  41$uhttp://papers.nber.org/papers/13221$zConnect to electronic version
=ACF  \\$aBritish Library not licensed to copy$c0$e01-oct-2013$hC$iCFP Excluded$5Uk
=CAT  \\$a10775$b40$c20070801$lBLL01$h0814
=CAT  \\$a10775$b40$c20070801$lBLL01$h0816
=CAT  \\$aBATCH-CLA$b00$c20130527$lBLL01$h0130
=CAT  \\$aBATCH-CLA$b00$c20130630$lBLL01$h1630
=CAT  \\$aIPL-CLA$c20130701$lBLL01$h0108
=CAT  \\$aBATCH-CLA$b00$c20130702$lBLL01$h0201
=CAT  \\$aBATCH-CLA$b00$c20130929$lBLL01$h1618
=CAT  \\$aIPL-CLA$c20130930$lBLL01$h1751
=CAT  \\$aBATCH-CLA$b00$c20131202$lBLL01$h0329
=CAT  \\$aIPL-CLA$c20140101$lBLL01$h0022
=CAT  \\$aBATCH-CLA$b00$c20140327$lBLL01$h1829
=CAT  \\$aIPL-CLA$c20140331$lBLL01$h1631
=CAT  \\$aBATCH-UPD$b00$c20211217$lBLL01$h2056
=CAT  \\$aBATCH-CLA$b00$c20211218$lBLL01$h0138
=CAT  \\$aW2308-1659$c20230923$lBLL01$h1042
=CAT  \\$aBATCH-CLA$b00$c20230924$lBLL01$h0649
=CFI  0\$aBritish Library not licensed to copy$c0$e01-apr-2014$hC$iCFP Excluded$5Uk
=FIN  \\$aY$d20070801
=FMT  \\$a  BK
=LAS  \\$aBATCH-CLA$b00$c20230924$lBLL01$h0649
=SID  \\$aZ39$bOCLC
=TCO  \\$aTRS$bCCC$c008

