=LDR  03525cam a22006137a 4500
=001  013806527
=003  Uk
=005  20230924064920.0
=007  cr\mn|||||||||
=008  070711s2007\\\\maua\\\\\b\\\\000\0\eng\d
=035  \\$a(OCoLC)154378707
=040  \\$aIUL$cIUL$dIUL$dGZM$dUk
=043  \\$ae------
=100  1\$aBassetto, Marco.
=245  10$aGovernment investment and the European Stability and Growth Pact /$cMarco Bassetto, Vadym Lepetyuk.
=260  \\$aCambridge, Mass. :$bNational Bureau of Economic Research,$cc2007.
=300  \\$a22 p. :$bill. ;$c22 cm.
=336  \\$atext$2rdacontent
=337  \\$acomputer$2rdamedia
=338  \\$aonline resource$2rdacarrier
=490  1\$aNBER working paper series ;$vno. 13200
=500  \\$a"June 2007"
=504  \\$aIncludes bibliographical references (p. 19-21).
=520  \\$a"We consider the effect of excluding government investment from the deficit subject to the limits of the European Stability and Growth Pact. In the model we consider, residents of a given country discount future costs and benefits of government spending more than efficiency would dictate, because they fail to take into account the portion that will accrue to people that have not yet been born or immigrated into the country. It is thus in principle desirable to design budget rules that favor long-term investment (by allowing more borrowing) over other government spending that only carries short-term benefits. However, given the low rates of population growth, mortality, and mobility across European countries, we find that the distortions arising from treating all government spending equally are likely to be modest. We also show that these modest distortions can be alleviated only if net government investment is excluded from the deficit computation; excluding gross investment may even be counterproductive, as it promotes overspending in government capital."--Abstract.
=530  \\$aAlso available in PDF from the NBER world wide web site (www.nber.org).
=540  \\$aBritish Library not licensed to copy$c0$5Uk
=650  \0$aGovernment spending policy$zEurope.
=700  1\$aLepetyuk, Vadym.
=710  2\$aNational Bureau of Economic Research.
=830  \0$aWorking paper series (National Bureau of Economic Research) ;$vno. 13200.
=852  41$aBritish Library$bDSC$j6067.719500$ino. 13200
=856  41$uhttp://www.nber.org/papers/W13200.pdf$zClick here to download PDF file
=ACF  \\$aBritish Library not licensed to copy$c0$e01-oct-2013$hC$iCFP Excluded$5Uk
=CAT  \\$a10775$b40$c20070801$lBLL01$h0829
=CAT  \\$aBATCH-CLA$b00$c20130527$lBLL01$h0130
=CAT  \\$aBATCH-CLA$b00$c20130630$lBLL01$h1630
=CAT  \\$aIPL-CLA$c20130701$lBLL01$h0108
=CAT  \\$aBATCH-CLA$b00$c20130702$lBLL01$h0201
=CAT  \\$aBATCH-CLA$b00$c20130929$lBLL01$h1618
=CAT  \\$aIPL-CLA$c20130930$lBLL01$h1751
=CAT  \\$aBATCH-CLA$b00$c20131202$lBLL01$h0329
=CAT  \\$aIPL-CLA$c20140101$lBLL01$h0022
=CAT  \\$aBATCH-CLA$b00$c20140327$lBLL01$h1829
=CAT  \\$aIPL-CLA$c20140331$lBLL01$h1631
=CAT  \\$aBATCH-UPD$b00$c20211217$lBLL01$h2056
=CAT  \\$aBATCH-CLA$b00$c20211218$lBLL01$h0138
=CAT  \\$aW2308-1659$c20230923$lBLL01$h1042
=CAT  \\$aBATCH-CLA$b00$c20230924$lBLL01$h0649
=CFI  0\$aBritish Library not licensed to copy$c0$e01-apr-2014$hC$iCFP Excluded$5Uk
=FIN  \\$aY$d20070801
=FMT  \\$a  BK
=LAS  \\$aBATCH-CLA$b00$c20230924$lBLL01$h0649
=SID  \\$aZ39$bOCLC
=TCO  \\$aTRS$bCCC$c008

