=LDR  03291cam a22006137a 4500
=001  015487774
=003  Uk
=005  20230924064942.0
=008  100128s2010\\\\maua\\\\\b\\\\000\0\eng\d
=035  \\$a(OCoLC)502267319
=040  \\$aLOL$cLOL
=042  \\$aukblderived
=100  1\$aKaplow, Louis.
=245  10$aTargeted savings and labor supply /$cLouis Kaplow.
=260  \\$aCambridge, Mass. :$bNational Bureau of Economic Research,$c2010.
=300  \\$a13 p. :$bill. ;$c21 cm.
=336  \\$atext$2rdacontent
=337  \\$aunmediated$2rdamedia
=338  \\$avolume$2rdacarrier
=490  1\$aNBER working paper series ;$vno. 15656
=500  \\$aTitle from http://www.nber.org/papers/w15656 viewed January 19, 2010.
=504  \\$aIncludes bibliographical references.
=520  \\$aSubstantial evidence suggests that savings behavior may depart from neoclassical optimization. This article examines the implications of raising the savings rate -- whether through social security, retirement plans, or otherwise -- for labor supply, where labor supply is determined by behavioral utility functions that reflect the non-neoclassical character of savings behavior. Under one formulation, raising the targeted savings rate has the same effect on labor supply as that of raising the labor income tax rate; under a second, raising the targeted savings rate has no effect on labor supply; and under a third, raising the targeted savings rate increases labor supply regardless of the slope of the labor supply curve. Effects on labor supply are particularly consequential because of the significant preexisting distortion due to labor income taxation.
=540  \\$aBritish Library not licensed to copy$c0$5Uk
=650  \0$aLabor supply$xEconometric models.
=650  \0$aSaving and investment.
=650  \0$aIncome tax.
=710  2\$aNational Bureau of Economic Research.
=830  \0$aWorking paper series (National Bureau of Economic Research) ;$vno. 15656.
=852  41$aBritish Library$bDSC$j6067.719500$ino. 15656
=856  4\$uhttp://papers.nber.org/papers/15656$zAn electronic book accessible through the World Wide Web; click for information
=ACF  \\$aBritish Library not licensed to copy$c0$e01-oct-2013$hC$iCFP Excluded$5Uk
=CAT  \\$a9504$b40$c20100215$lBLL01$h1058
=CAT  \\$a9504$b40$c20100215$lBLL01$h1101
=CAT  \\$aBATCH-CLA$b00$c20130527$lBLL01$h0131
=CAT  \\$aBATCH-CLA$b00$c20130630$lBLL01$h1631
=CAT  \\$aIPL-CLA$c20130701$lBLL01$h0134
=CAT  \\$aBATCH-CLA$b00$c20130702$lBLL01$h0203
=CAT  \\$aBATCH-CLA$b00$c20130929$lBLL01$h1619
=CAT  \\$aIPL-CLA$c20130930$lBLL01$h1806
=CAT  \\$aBATCH-CLA$b00$c20131202$lBLL01$h0336
=CAT  \\$aIPL-CLA$c20140101$lBLL01$h0127
=CAT  \\$aBATCH-CLA$b00$c20140327$lBLL01$h1830
=CAT  \\$aIPL-CLA$c20140331$lBLL01$h1637
=CAT  \\$aBATCH-UPD$b00$c20210612$lBLL01$h1720
=CAT  \\$aBATCH-CLA$b00$c20210613$lBLL01$h0601
=CAT  \\$aW2308-1659$c20230923$lBLL01$h1053
=CAT  \\$aBATCH-CLA$b00$c20230924$lBLL01$h0649
=CFI  0\$aBritish Library not licensed to copy$c0$e01-apr-2014$hC$iCFP Excluded$5Uk
=FIN  \\$aY$d20100215
=FMT  \\$a  BK
=LAS  \\$aBATCH-CLA$b00$c20230924$lBLL01$h0649
=SID  \\$aZ39$bOCLC
=TCO  \\$aTRS$bCCC$c008

