=LDR  03775cam a22006257a 4500
=001  013822143
=003  Uk
=005  20230924064921.0
=007  cr\mn|||||||||
=008  070808s2007\\\\maua\\\\\b\\\\000\0\eng\d
=035  \\$a(OCoLC)163572689
=040  \\$aIUL$cIUL$dGZM$dUk
=043  \\$an-us---
=100  1\$aKaplan, Steven N.
=245  10$aWall Street and Main Street :$bwhat contributes to the rise in the highest incomes? /$cSteven N. Kaplan, Joshua Rauh.
=260  \\$aCambridge, Mass. :$bNational Bureau of Economic Research,$c2007.
=300  \\$a43, [23] p. :$bill. ;$c22 cm.
=336  \\$atext$2rdacontent
=337  \\$acomputer$2rdamedia
=338  \\$aonline resource$2rdacarrier
=490  1\$aNBER working paper series ;$vno. 13270
=500  \\$a"July 2007"
=504  \\$aIncludes bibliographical references (p. 42-43).
=520  \\$aWe consider how much of the top end of the income distribution can be attributed to four sectors -- top executives of non-financial firms (Main Street); financial service sector employees from investment banks, hedge funds, private equity funds, and mutual funds (Wall Street); corporate lawyers; and professional athletes and celebrities. Non-financial public company CEOs and top executives do not represent more than 6.5% of any of the top AGI brackets (the top 0.1%, 0.01%, 0.001%, and 0.0001%). Individuals in the Wall Street category comprise at least as high a percentage of the top AGI brackets as non-financial executives of public companies. While the representation of top executives in the top AGI brackets has increased from 1994 to 2004, the representation of Wall Street has likely increased even more. While the groups we study represent a substantial portion of the top income groups, they miss a large number of high-earning individuals. We conclude by considering how our results inform different explanations for the increased skewness at the top end of the distribution. We argue the evidence is most consistent with theories of superstars, skill biased technological change, greater scale and their interaction.
=530  \\$aAlso available in PDF from the NBER world wide web site (www.nber.org).
=540  \\$aBritish Library not licensed to copy$c0$5Uk
=650  \0$aIncome distribution$zUnited States$xMathematical models.
=700  1\$aRauh, Joshua.
=710  2\$aNational Bureau of Economic Research.
=830  \0$aWorking paper series (National Bureau of Economic Research) ;$vworking paper no. 13270.
=852  41$aBritish Library$bDSC$j6067.719500$ino. 13270
=856  41$uhttp://www.nber.org/papers/W13270.pdf$zClick here to download PDF file
=ACF  \\$aBritish Library not licensed to copy$c0$e01-oct-2013$hC$iCFP Excluded$5Uk
=CAT  \\$a10775$b40$c20070820$lBLL01$h1624
=CAT  \\$a10775$b40$c20070820$lBLL01$h1626
=CAT  \\$aBATCH-CLA$b00$c20130527$lBLL01$h0130
=CAT  \\$aBATCH-CLA$b00$c20130630$lBLL01$h1630
=CAT  \\$aIPL-CLA$c20130701$lBLL01$h0109
=CAT  \\$aBATCH-CLA$b00$c20130702$lBLL01$h0201
=CAT  \\$aBATCH-CLA$b00$c20130929$lBLL01$h1618
=CAT  \\$aIPL-CLA$c20130930$lBLL01$h1751
=CAT  \\$aBATCH-CLA$b00$c20131202$lBLL01$h0329
=CAT  \\$aIPL-CLA$c20140101$lBLL01$h0022
=CAT  \\$aBATCH-CLA$b00$c20140327$lBLL01$h1829
=CAT  \\$aIPL-CLA$c20140331$lBLL01$h1631
=CAT  \\$aBATCH-UPD$b00$c20210628$lBLL01$h2022
=CAT  \\$aBATCH-CLA$b00$c20210629$lBLL01$h0105
=CAT  \\$aW2308-1659$c20230923$lBLL01$h1107
=CAT  \\$aBATCH-CLA$b00$c20230924$lBLL01$h0649
=CFI  0\$aBritish Library not licensed to copy$c0$e01-apr-2014$hC$iCFP Excluded$5Uk
=FIN  \\$aY$d20070820
=FMT  \\$a  BK
=LAS  \\$aBATCH-CLA$b00$c20230924$lBLL01$h0649
=SID  \\$aZ39$bOCLC
=TCO  \\$aTRS$bCCC$c008

