=LDR  03222 am a22005777a 4500
=001  013822182
=003  Uk
=005  20070829141723.0
=008  070817s2007\\\\maua\\\\\b\\\\000\0\eng\d
=035  \\$a(OCoLC)165248217
=040  \\$aUk$beng$cUk
=100  1\$aGorton, Gary.
=245  14$aThe fundamentals of commodity futures returns /$cGary B. Gorton, Fumio Hayashi, K. Geert Rouwenhorst.
=260  \\$aCambridge, Mass. :$bNational Bureau of Economic Research,$c2007.
=300  \\$a45, [16] p. :$bill. ;$c22 cm.
=336  \\$atext$2rdacontent
=337  \\$aunmediated$2rdamedia
=338  \\$avolume$2rdacarrier
=490  1\$aNBER working paper series ;$vno. 13249
=500  \\$a"July 2007."
=504  \\$aIncludes bibliographical references (p. 43-45).
=520  \\$aCommodity futures risk premiums vary across commodities and over time depending on the level of physical inventories, as predicted by the Theory of Storage. Using a comprehensive dataset on 31 commodity futures and physical inventories between 1969 and 2006, we show that the convenience yield is a decreasing, non-linear relationship of inventories. Price measures, such as the futures basis, prior futures returns, and spot returns reflect the state of inventories and are informative about commodity futures risk premiums. The excess returns to Spot and Futures Momentum and Backwardation strategies stem in part from the selection of commodities when inventories are low. Positions of futures markets participants are correlated with prices and inventory signals, but we reject the Keynesian "hedging pressure" hypothesis that these positions are an important determinant of risk premiums.
=540  \\$aBritish Library not licensed to copy$c0$5Uk
=650  \0$aCommodity futures$xMathematical models.
=700  1\$aHayashi, Fumio.
=700  1\$aRouwenhorst, K. Geert.
=710  2\$aNational Bureau of Economic Research.
=830  \0$aWorking paper series (National Bureau of Economic Research) ;$vworking paper no. 13249.
=852  41$aBritish Library$bDSC$j6067.719500$ino. 13249
=856  41$uhttp://www.nber.org/papers/W13249.pdf$zClick here to download PDF file
=ACF  \\$aBritish Library not licensed to copy$c0$e01-oct-2013$hC$iCFP Excluded$5Uk
=CAT  \\$a10775$b40$c20070820$lBLL01$h1649
=CAT  \\$a11250$b40$c20070829$lBLL01$h1417
=CAT  \\$aBATCH-CLA$b00$c20130527$lBLL01$h0130
=CAT  \\$aBATCH-CLA$b00$c20130630$lBLL01$h1630
=CAT  \\$aIPL-CLA$c20130701$lBLL01$h0109
=CAT  \\$aBATCH-CLA$b00$c20130702$lBLL01$h0201
=CAT  \\$aBATCH-CLA$b00$c20130929$lBLL01$h1618
=CAT  \\$aIPL-CLA$c20130930$lBLL01$h1751
=CAT  \\$aBATCH-CLA$b00$c20131202$lBLL01$h0329
=CAT  \\$aIPL-CLA$c20140101$lBLL01$h0022
=CAT  \\$aBATCH-CLA$b00$c20140327$lBLL01$h1829
=CAT  \\$aIPL-CLA$c20140331$lBLL01$h1631
=CAT  \\$aBATCH-UPD$b00$c20180316$lBLL01$h2112
=CFI  0\$aBritish Library not licensed to copy$c0$e01-apr-2014$hC$iCFP Excluded$5Uk
=CFI  2\$aBritish Library not licensed to copy$c0$e01-jan-2014$hC$iCFP Excluded$5Uk
=FIN  \\$aY$d20070829
=FMT  \\$a  BK
=LAS  \\$aBATCH-UPD$b00$c20180316$lBLL01$h2112
=SID  \\$aZ39$bOCLC
=TCO  \\$aTRS$bCCC$c008

