=LDR  03486cam a22006497a 4500
=001  013822189
=003  Uk
=005  20230924064921.0
=007  cr\mn|||||||||
=008  070810s2007\\\\maua\\\\\b\\\\000\0\eng\d
=035  \\$a(OCoLC)163598713
=040  \\$aIUL$cIUL$dGZM$dUk
=043  \\$af-za---$ad------
=100  1\$aAshraf, Nava.
=245  10$aCan higher prices stimulate product use? :$bevidence from a field experiment in Zambia /$cNava Ashraf, James Berry, Jesse M. Shapiro.
=260  \\$aCambridge, Mass. :$bNational Bureau of Economic Research,$cc2007.
=300  \\$a60 p. :$bill. ;$c22 cm.
=336  \\$atext$2rdacontent
=337  \\$acomputer$2rdamedia
=338  \\$aonline resource$2rdacarrier
=490  1\$aNBER working paper series ;$vno. 13247
=500  \\$a"July 2007"
=504  \\$aIncludes bibliographical references (p. 34-38).
=520  \\$aThe controversy over whether and how much to charge for health products in the developing world rests, in part, on whether higher prices can increase use. We test this hypothesis in a field experiment in Zambia using door-to-door marketing of a home water purification solution. Our methodology separates the screening effect of prices (charging more changes the mix of buyers) from the psychological effect of prices (charging more stimulates greater use for a given buyer). We find that higher prices screen out those who use the product less. The amount paid does not have a psychological effect on use, but there is some evidence that the act of paying increases use. We use our data to estimate an economic model of product use, simulate counterfactuals, and develop tentative implications for pricing policy.
=530  \\$aAlso available in PDF from the NBER world wide web site (www.nber.org).
=540  \\$aBritish Library not licensed to copy$c0$5Uk
=650  \0$aHealth products$xPrices$zZambia.
=650  \0$aHealth products$zZambia$xUsage$xEconometric models.
=650  \0$aWater$xPurification$xEconomic aspects$zZambia.
=650  \0$aWater$xPurification$xEconomic aspects$zDeveloping countries.
=700  1\$aBerry, James.
=700  1\$aShapiro, Jesse.
=710  2\$aNational Bureau of Economic Research.
=830  \0$aWorking paper series (National Bureau of Economic Research) ;$vworking paper no. 13247.
=852  41$aBritish Library$bDSC$j6067.719500$ino. 13247
=856  41$uhttp://www.nber.org/papers/W13247.pdf$zClick here to download PDF file
=ACF  \\$aBritish Library not licensed to copy$c0$e01-oct-2013$hC$iCFP Excluded$5Uk
=CAT  \\$a10775$b40$c20070820$lBLL01$h1653
=CAT  \\$aBATCH-CLA$b00$c20130527$lBLL01$h0130
=CAT  \\$aBATCH-CLA$b00$c20130630$lBLL01$h1630
=CAT  \\$aIPL-CLA$c20130701$lBLL01$h0109
=CAT  \\$aBATCH-CLA$b00$c20130702$lBLL01$h0201
=CAT  \\$aBATCH-CLA$b00$c20130929$lBLL01$h1618
=CAT  \\$aIPL-CLA$c20130930$lBLL01$h1751
=CAT  \\$aBATCH-CLA$b00$c20131202$lBLL01$h0329
=CAT  \\$aIPL-CLA$c20140101$lBLL01$h0023
=CAT  \\$aBATCH-CLA$b00$c20140327$lBLL01$h1829
=CAT  \\$aIPL-CLA$c20140331$lBLL01$h1631
=CAT  \\$aBATCH-UPD$b00$c20171028$lBLL01$h2056
=CAT  \\$aW2308-1659$c20230923$lBLL01$h1107
=CAT  \\$aBATCH-CLA$b00$c20230924$lBLL01$h0649
=CFI  0\$aBritish Library not licensed to copy$c0$e01-apr-2014$hC$iCFP Excluded$5Uk
=FIN  \\$aY$d20070820
=FMT  \\$a  BK
=LAS  \\$aBATCH-CLA$b00$c20230924$lBLL01$h0649
=SID  \\$aZ39$bOCLC
=TCO  \\$aTRS$bCCC$c008

