=LDR  02690cam a22004937a 4500
=001  013822364
=003  Uk
=005  20230924064109.0
=007  cr\mn|||||||||
=008  070817s2007\\\\maua\\\\\b\\\\000\0\eng\d
=035  \\$a(OCoLC)165085052
=040  \\$aGZM$cGZM$dUk
=100  1\$aFirpo, Sergio.
=245  10$aUnconditional quantile regressions /$cSergio Firpo, Nicole M. Fortin, Thomas Lemieux.
=260  \\$aCambridge, Mass. :$bNational Bureau of Economic Research,$cc2007.
=300  \\$a43, [7] p. :$bill. ;$c22 cm.
=336  \\$atext$2rdacontent
=337  \\$acomputer$2rdamedia
=338  \\$aonline resource$2rdacarrier
=490  1\$aNBER technical working papers ;$vno. 339
=500  \\$a"July 2007."
=504  \\$aIncludes bibliographical references (p. 41-43).
=520  \\$aWe propose a new regression method to estimate the impact of explanatory variables on quantiles of the unconditional (marginal) distribution of an outcome variable. The proposed method consists of running a regression of the (recentered) influence function (RIF) of the unconditional quantile on the explanatory variables. The influence function is a widely used tool in robust estimation that can easily be computed for each quantile of interest. We show how standard partial effects, as well as policy effects, can be estimated using our regression approach. We propose three different regression estimators based on a standard OLS regression (RIF-OLS), a logit regression (RIF-Logit), and a nonparametric logit regression (RIF-OLS). We also discuss how our approach can be generalized to other distributional statistics besides quantiles.
=530  \\$aAlso available in PDF from the NBER World Wide Web site (www.nber.org).
=540  \\$aBritish Library not licensed to copy$c0$5Uk
=650  \0$aEconomics$xStatistical methods.
=650  \0$aRegression analysis.
=700  1\$aFortin, Nicole M.
=700  1\$aLemieux, Thomas.
=710  2\$aNational Bureau of Economic Research.
=830  \0$aNBER technical working paper series ;$vno. 339.
=852  41$aBritish Library$bDSC$j8732.374000$ino. 339
=856  41$uhttp://www.nber.org/papers/T0339.pdf$zClick here to download PDF file
=CAT  \\$a9504$b40$c20070821$lBLL01$h0837
=CAT  \\$a9504$b40$c20070821$lBLL01$h0900
=CAT  \\$aBATCH-UPD$b40$c20190320$lBLL01$h2041
=CAT  \\$aBATCH-CLA$b00$c20190321$lBLL01$h0110
=CAT  \\$aW2308-1659$c20230923$lBLL01$h1107
=CAT  \\$aBATCH-CLA$b00$c20230924$lBLL01$h0641
=CFI  0\$aBritish Library not licensed to copy$c0$e07-sep-2011$hC$iTX$5Uk
=FIN  \\$aY$d20070821
=FMT  \\$a  BK
=LAS  \\$aBATCH-CLA$b00$c20230924$lBLL01$h0641
=SID  \\$aZ39$bOCLC

