=LDR  02971cam a22006137a 4500
=001  013822406
=003  Uk
=005  20230924064921.0
=007  cr\bn|||||||||
=008  070808s2007\\\\maua\\\\\b\\\\000\0\eng\d
=035  \\$a(OCoLC)163572778
=040  \\$aIUL$cIUL$dGZM$dUk
=100  1\$aChen, Long,$d1969-
=245  10$aNeoclassical factors /$cLong Chen, Lu Zhang.
=260  \\$aCambridge, Mass. :$bNational Bureau of Economic Research,$cc2007.
=300  \\$a56 p. :$bill. ;$c22 cm.
=336  \\$atext$2rdacontent
=337  \\$acomputer$2rdamedia
=338  \\$aonline resource$2rdacarrier
=490  1\$aNBER working paper series ;$vno. 13282
=500  \\$a"July 2007"
=504  \\$aIncludes bibliographical references (p. 33-36).
=520  \\$aThe cross section of returns can largely be summarized by the market factor and mimicking portfolios based on investment-to-assets and earnings-to-assets motivated from neoclassical reasoning. The neoclassical three-factor model can capture average return variations related to momentum and financial distress anomalous to traditional factor models. The model also captures the relations of average returns with earnings-to-price, cash flow-to-price, book-to-market, dividend-to-price, long-term past sales growth, long-term prior returns, and market leverage.
=530  \\$aAlso available in PDF from the NBER world wide web site (www.nber.org).
=540  \\$aBritish Library not licensed to copy$c0$5Uk
=650  \0$aEconometric models.
=700  1\$aZhang, Lu,$d1972-
=710  2\$aNational Bureau of Economic Research.
=830  \0$aWorking paper series (National Bureau of Economic Research) ;$vworking paper no. 13282.
=852  41$aBritish Library$bDSC$j6067.719500$ino. 13282
=856  41$uhttp://www.nber.org/papers/W13282.pdf$zClick here to download PDF file
=ACF  \\$aBritish Library not licensed to copy$c0$e01-oct-2013$hC$iCFP Excluded$5Uk
=CAT  \\$a7164$b40$c20070821$lBLL01$h0905
=CAT  \\$aBATCH-UPD$b40$c20101101$lBLL01$h0001
=CAT  \\$aBATCH-CLA$b00$c20130527$lBLL01$h0130
=CAT  \\$aBATCH-CLA$b00$c20130630$lBLL01$h1630
=CAT  \\$aIPL-CLA$c20130701$lBLL01$h0109
=CAT  \\$aBATCH-CLA$b00$c20130702$lBLL01$h0201
=CAT  \\$aBATCH-CLA$b00$c20130929$lBLL01$h1618
=CAT  \\$aIPL-CLA$c20130930$lBLL01$h1751
=CAT  \\$aBATCH-CLA$b00$c20131202$lBLL01$h0329
=CAT  \\$aIPL-CLA$c20140101$lBLL01$h0023
=CAT  \\$aBATCH-CLA$b00$c20140327$lBLL01$h1829
=CAT  \\$aIPL-CLA$c20140331$lBLL01$h1631
=CAT  \\$aBATCH-UPD$b00$c20211217$lBLL01$h2056
=CAT  \\$aBATCH-CLA$b00$c20211218$lBLL01$h0138
=CAT  \\$aW2308-1659$c20230923$lBLL01$h1107
=CAT  \\$aBATCH-CLA$b00$c20230924$lBLL01$h0649
=CFI  0\$aBritish Library not licensed to copy$c0$e01-apr-2014$hC$iCFP Excluded$5Uk
=FIN  \\$aY$d20070821
=FMT  \\$a  BK
=LAS  \\$aBATCH-CLA$b00$c20230924$lBLL01$h0649
=SID  \\$aZ39$bOCLC
=TCO  \\$aTRS$bCCC$c008

