=LDR  03527 am a22006137a 4500
=001  013822413
=003  Uk
=005  20070903111711.0
=008  070828s2007\\\\maua\\\\\b\\\\000\0\eng\d
=035  \\$a(OCoLC)166353652
=040  \\$aIUL$cIUL$dGZM$dUk
=043  \\$an-us---
=100  1\$aDesai, Mihir A.$q(Mihir Arvind),$d1968-
=245  10$aTaxes and portfolio choice :$bevidence from JGTRRA's treatment of international dividends /$cMihir A. Desai, Dhammika Dharmapala.
=260  \\$aCambridge, Mass. :$bNational Bureau of Economic Research,$cc2007.
=300  \\$a24, [8] p. :$bill. ;$c22 cm.
=336  \\$atext$2rdacontent
=337  \\$aunmediated$2rdamedia
=338  \\$avolume$2rdacarrier
=490  1\$aNBER working paper series ;$vno. 13281
=500  \\$a"July 2007".
=504  \\$aIncludes bibliographical references (p. 22-24).
=520  \\$aThis paper investigates how taxes influence portfolio choices by exploring the response to the distinctive treatment of foreign dividends in the Jobs and Growth Tax Relief Reconciliation Act (JGTRRA). JGTRRA lowered the dividend tax rate to 15% for American equities and extended this tax relief only to foreign corporations from a subset of countries. This paper uses a difference-in-difference analysis that compares US equity holdings in affected and unaffected countries. The international investment responses to JGTRRA were substantial and imply an elasticity of asset holdings with respect to taxes of -1.6. This effect cannot be explained by several potential alternative hypotheses, including differential changes to the preferences of American investors, differential changes in investment opportunities, differential time trends in investment or changed tax evasion behavior.
=530  \\$aAlso available in PDF from the NBER world wide web site (www.nber.org).
=540  \\$aBritish Library not licensed to copy$c0$5Uk
=610  10$aUnited States.$tJobs and Growth Tax Relief Reconciliation Act of 2003.
=650  \0$aTaxation$zUnited States.
=650  \0$aPortfolio management$xDecision making$xEconometric models.
=700  1\$aDharmapala, Dhammika$q(Anurudha Udeni Dhammika).
=710  2\$aNational Bureau of Economic Research.
=830  \0$aWorking paper series (National Bureau of Economic Research) ;$vworking paper no. 13281.
=852  41$aBritish Library$bDSC$j6067.719500$ino. 13281
=856  41$uhttp://www.nber.org/papers/W13281.pdf$zClick here to download PDF file
=ACF  \\$aBritish Library not licensed to copy$c0$e01-oct-2013$hC$iCFP Excluded$5Uk
=CAT  \\$a7164$b40$c20070821$lBLL01$h0910
=CAT  \\$a11317$b40$c20070903$lBLL01$h1117
=CAT  \\$aBATCH-CLA$b00$c20130527$lBLL01$h0130
=CAT  \\$aBATCH-CLA$b00$c20130630$lBLL01$h1630
=CAT  \\$aIPL-CLA$c20130701$lBLL01$h0109
=CAT  \\$aBATCH-CLA$b00$c20130702$lBLL01$h0201
=CAT  \\$aBATCH-CLA$b00$c20130929$lBLL01$h1618
=CAT  \\$aIPL-CLA$c20130930$lBLL01$h1751
=CAT  \\$aBATCH-CLA$b00$c20131202$lBLL01$h0329
=CAT  \\$aIPL-CLA$c20140101$lBLL01$h0023
=CAT  \\$aBATCH-CLA$b00$c20140327$lBLL01$h1829
=CAT  \\$aIPL-CLA$c20140331$lBLL01$h1631
=CAT  \\$aBATCH-UPD$b00$c20180719$lBLL01$h1611
=CFI  0\$aBritish Library not licensed to copy$c0$e01-apr-2014$hC$iCFP Excluded$5Uk
=CFI  2\$aBritish Library not licensed to copy$c0$e01-jan-2014$hC$iCFP Excluded$5Uk
=FIN  \\$aY$d20070903
=FMT  \\$a  BK
=LAS  \\$aBATCH-UPD$b00$c20180719$lBLL01$h1611
=SID  \\$aZ39$bOCLC
=TCO  \\$aTRS$bCCC$c008

