=LDR  03818cam a22006377a 4500
=001  013822416
=003  Uk
=005  20230924064921.0
=007  cr\bn|||||||||
=008  070807s2007\\\\maua\\\\\b\\\\000\0\eng\d
=035  \\$a(OCoLC)163314612
=040  \\$aIUL$cIUL$dGZM$dUk
=100  1\$aHolland, Stephen P.
=245  10$aGreenhouse gas reductions under low carbon fuel standards? /$cStephen P. Holland, Christopher R. Knittel, Jonathan E. Hughes.
=260  \\$aCambridge, Mass. :$bNational Bureau of Economic Research,$cc2007.
=300  \\$a57 p. :$bill. ;$c22 cm.
=336  \\$atext$2rdacontent
=337  \\$acomputer$2rdamedia
=338  \\$aonline resource$2rdacarrier
=490  1\$aNBER working paper series ;$vno. 13266
=500  \\$a"July 2007"
=504  \\$aIncludes bibliographical references (p. 35-36).
=520  \\$aA low carbon fuel standard (LCFS) seeks to reduce greenhouse gas emissions by limiting a fuel producer's carbon emissions per unit of output. California has launched an LCFS for transportation fuels; others have called for a national LCFS. We show that this policy decreases production of high-carbon fuels but increases production of low-carbon fuels. The net effect of this may be an increase in carbon emissions. The LCFS cannot be first best, and the best LCFS may reduce social welfare. We simulate the outcomes of a national LCFS, focusing on gasoline and ethanol as the high- and low-carbon fuels. For a broad range of parameters, we find that the LCFS is unlikely to increase CO2 emissions. However, the surplus losses from the LCFS are likely to be quite large ({dollar}80 to {dollar}760 billion annually for a national LCFS reducing carbon intensities by 10 percent), energy prices are likely to increase, and the average carbon cost ({dollar}307 to {dollar}2,272 per ton of CO2 for the same LCFS) can be much larger than damage estimates. We describe an efficient policy that achieves the same emissions reduction at a much lower surplus cost ({dollar}16 to {dollar}290 billion) and much lower average carbon cost ({dollar}60 to {dollar}868 per ton of CO2).
=530  \\$aAlso available in PDF from the NBER world wide web site (www.nber.org).
=540  \\$aBritish Library not licensed to copy$c0$5Uk
=650  \0$aGreenhouse effect, Atmospheric$xGovernment policy$xMathematical models.
=650  \0$aGlobal warming.
=650  \0$aAir quality management.
=700  1\$aKnittel, Christopher R.
=700  1\$aHughes, Jonathan E.
=710  2\$aNational Bureau of Economic Research.
=830  \0$aWorking paper series (National Bureau of Economic Research) ;$vworking paper no. 13266.
=852  41$aBritish Library$bDSC$j6067.719500$ino. 13266
=856  41$uhttp://www.nber.org/papers/W13266.pdf$zClick here to download PDF file
=ACF  \\$aBritish Library not licensed to copy$c0$e01-oct-2013$hC$iCFP Excluded$5Uk
=CAT  \\$a9504$b40$c20070821$lBLL01$h0913
=CAT  \\$aBATCH-CLA$b00$c20130527$lBLL01$h0130
=CAT  \\$aBATCH-CLA$b00$c20130630$lBLL01$h1630
=CAT  \\$aIPL-CLA$c20130701$lBLL01$h0109
=CAT  \\$aBATCH-CLA$b00$c20130702$lBLL01$h0201
=CAT  \\$aBATCH-CLA$b00$c20130929$lBLL01$h1618
=CAT  \\$aIPL-CLA$c20130930$lBLL01$h1751
=CAT  \\$aBATCH-CLA$b00$c20131202$lBLL01$h0329
=CAT  \\$aIPL-CLA$c20140101$lBLL01$h0023
=CAT  \\$aBATCH-CLA$b00$c20140327$lBLL01$h1829
=CAT  \\$aIPL-CLA$c20140331$lBLL01$h1631
=CAT  \\$aBATCH-UPD$b00$c20211217$lBLL01$h2057
=CAT  \\$aBATCH-CLA$b00$c20211218$lBLL01$h0138
=CAT  \\$aW2308-1659$c20230923$lBLL01$h1107
=CAT  \\$aBATCH-CLA$b00$c20230924$lBLL01$h0649
=CFI  0\$aBritish Library not licensed to copy$c0$e01-apr-2014$hC$iCFP Excluded$5Uk
=FIN  \\$aY$d20070821
=FMT  \\$a  BK
=LAS  \\$aBATCH-CLA$b00$c20230924$lBLL01$h0649
=SID  \\$aZ39$bOCLC
=TCO  \\$aTRS$bCCC$c008

