=LDR  03319cam a22006377a 4500
=001  013822419
=003  Uk
=005  20230924064921.0
=008  070820s2007\\\\maua\\\\\b\\\\000\0\eng\d
=035  \\$a(OCoLC)166141238
=040  \\$aGZM$cGZM$dUk
=043  \\$an-us---
=100  1\$aMiron, Jeffrey A.
=245  10$aDoes the minimum legal drinking age save lives? /$cJeffrey A. Miron, Elina Tetelbaum.
=260  \\$aCambridge, Mass. :$bNational Bureau of Economic Research,$cc2007.
=300  \\$a37 p. :$bill. ;$c22 cm.
=336  \\$atext$2rdacontent
=337  \\$aunmediated$2rdamedia
=338  \\$avolume$2rdacarrier
=490  1\$aNBER working paper series ;$vno. 13257
=500  \\$a"July 2007."
=504  \\$aIncludes bibliographical references (p. 18-19).
=520  \\$aThe minimum legal drinking age (MLDA) is widely believed to save lives by reducing traffic fatalities among underage drivers. Further, the Federal Uniform Drinking Age Act, which pressured all states to adopt an MLDA of 21, is regarded as having contributed enormously to this life saving effect. This paper challenges both claims. State-level panel data for the past 30 years show that any nationwide impact of the MLDA is driven by states that increased their MLDA prior to any inducement from the federal government. Even in early adopting states, the impact of the MLDA did not persist much past the year of adoption. The MLDA appears to have only a minor impact on teen drinking.
=530  \\$aAlso available in PDF from the NBER world wide web site (www.nber.org).
=540  \\$aBritish Library not licensed to copy$c0$5Uk
=650  \0$aDrinking age$xLaw and legislation$zUnited States.
=650  \0$aYouth$xAlcohol use$zUnited States$xEconometric models.
=650  \0$aDrinking and traffic accidents$zUnited States$xEconometric models.
=650  \0$aTraffic fatalities$zUnited States$xEconometric models.
=700  1\$aTetelbaum, Elina.
=710  2\$aNational Bureau of Economic Research.
=830  \0$aWorking paper series (National Bureau of Economic Research) ;$vworking paper no. 13257.
=852  41$aBritish Library$bDSC$j6067.719500$ino. 13257
=856  41$uhttp://www.nber.org/papers/W13257.pdf$zClick here to download PDF file
=ACF  \\$aBritish Library not licensed to copy$c0$e01-oct-2013$hC$iCFP Excluded$5Uk
=CAT  \\$a7164$b40$c20070821$lBLL01$h0914
=CAT  \\$a11317$b40$c20070903$lBLL01$h1046
=CAT  \\$aBATCH-CLA$b00$c20130527$lBLL01$h0130
=CAT  \\$aBATCH-CLA$b00$c20130630$lBLL01$h1630
=CAT  \\$aIPL-CLA$c20130701$lBLL01$h0109
=CAT  \\$aBATCH-CLA$b00$c20130702$lBLL01$h0201
=CAT  \\$aBATCH-CLA$b00$c20130929$lBLL01$h1618
=CAT  \\$aIPL-CLA$c20130930$lBLL01$h1751
=CAT  \\$aBATCH-CLA$b00$c20131202$lBLL01$h0329
=CAT  \\$aIPL-CLA$c20140101$lBLL01$h0023
=CAT  \\$aBATCH-CLA$b00$c20140327$lBLL01$h1829
=CAT  \\$aIPL-CLA$c20140331$lBLL01$h1631
=CAT  \\$aBATCH-UPD$b00$c20171103$lBLL01$h2038
=CAT  \\$aW2308-1659$c20230923$lBLL01$h1107
=CAT  \\$aBATCH-CLA$b00$c20230924$lBLL01$h0649
=CFI  0\$aBritish Library not licensed to copy$c0$e01-apr-2014$hC$iCFP Excluded$5Uk
=FIN  \\$aY$d20070903
=FMT  \\$a  BK
=LAS  \\$aBATCH-CLA$b00$c20230924$lBLL01$h0649
=SID  \\$aZ39$bOCLC
=TCO  \\$aTRS$bCCC$c008

