=LDR  03368cam a22006137a 4500
=001  013822431
=003  Uk
=005  20230924064921.0
=007  cr\bn|||||||||
=008  070730s2007\\\\maua\\\\\b\\\\000\0\eng\d
=035  \\$a(OCoLC)159939201
=040  \\$aIUL$cIUL$dGZM$dUk
=100  1\$aHorwitz, Jill R.$q(Jill Rachel)
=245  10$aWhat do nonprofits maximize? :$bnonprofit hospital service provision and market ownership mix /$cJill R. Horwitz, Austin Nichols.
=260  \\$aCambridge, Mass. :$bNational Bureau of Economic Research,$cc2007.
=300  \\$a71 p. :$bill. ;$c22 cm.
=336  \\$atext$2rdacontent
=337  \\$acomputer$2rdamedia
=338  \\$aonline resource$2rdacarrier
=490  1\$aNBER working paper series ;$vno. 13246
=500  \\$a"July 2007"
=504  \\$aIncludes bibliographical references (p. 31-35).
=520  \\$aConflicting theories of the nonprofit firm have existed for several decades yet empirical research has not resolved these debates, partly because the theories are not easily testable but also because empirical research generally considers organizations in isolation rather than in markets. Here we examine three types of hospitals -- nonprofit, for-profit, and government -- and their spillover effects. We look at the effect of for-profit ownership share within markets in two ways, on the provision of medical services and on operating margins at the three types of hospitals. We find that nonprofit hospitals' medical service provision systematically varies by market mix. We find no significant effect of for-profit market share on the operating margins of nonprofit hospitals. These results fit best with theories in which hospitals maximize their own output.
=530  \\$aAlso available in PDF from the NBER world wide web site (www.nber.org).
=540  \\$aBritish Library not licensed to copy$c0$5Uk
=650  \0$aHospitals$xEconomic aspects.
=650  \0$aHospitals, Proprietary$xEconomic aspects.
=650  \0$aMedical economics.
=700  1\$aNichols, Austin.
=710  2\$aNational Bureau of Economic Research.
=830  \0$aWorking paper series (National Bureau of Economic Research) ;$vworking paper no. 13246.
=852  41$aBritish Library$bDSC$j6067.719500$ino. 13246
=856  41$uhttp://www.nber.org/papers/W13246.pdf$zClick here to download PDF file
=ACF  \\$aBritish Library not licensed to copy$c0$e01-oct-2013$hC$iCFP Excluded$5Uk
=CAT  \\$a7164$b40$c20070821$lBLL01$h0919
=CAT  \\$aBATCH-CLA$b00$c20130527$lBLL01$h0130
=CAT  \\$aBATCH-CLA$b00$c20130630$lBLL01$h1630
=CAT  \\$aIPL-CLA$c20130701$lBLL01$h0109
=CAT  \\$aBATCH-CLA$b00$c20130702$lBLL01$h0201
=CAT  \\$aBATCH-CLA$b00$c20130929$lBLL01$h1618
=CAT  \\$aIPL-CLA$c20130930$lBLL01$h1751
=CAT  \\$aBATCH-CLA$b00$c20131202$lBLL01$h0329
=CAT  \\$aIPL-CLA$c20140101$lBLL01$h0023
=CAT  \\$aBATCH-CLA$b00$c20140327$lBLL01$h1829
=CAT  \\$aIPL-CLA$c20140331$lBLL01$h1631
=CAT  \\$aBATCH-UPD$b00$c20170705$lBLL01$h1727
=CAT  \\$aW2308-1659$c20230923$lBLL01$h1107
=CAT  \\$aBATCH-CLA$b00$c20230924$lBLL01$h0649
=CFI  0\$aBritish Library not licensed to copy$c0$e01-apr-2014$hC$iCFP Excluded$5Uk
=FIN  \\$aY$d20070821
=FMT  \\$a  BK
=LAS  \\$aBATCH-CLA$b00$c20230924$lBLL01$h0649
=SID  \\$aZ39$bOCLC
=TCO  \\$aTRS$bCCC$c008

