=LDR  03177cam a22006257a 4500
=001  013822432
=003  Uk
=005  20230924064921.0
=007  cr\mn|||||||||
=008  070807s2007\\\\maua\\\\\b\\\\000\0\eng\d
=035  \\$a(OCoLC)163311685
=040  \\$aIUL$cIUL$dGZM$dUk
=100  1\$aBraggion, Fabio.
=245  10$aOptimal monetary policy in a 'sudden stop' /$cFabio Braggion, Lawrence J. Christiano, Jorge Roldos.
=260  \\$aCambridge, Mass. :$bNational Bureau of Economic Research,$cc2007.
=300  \\$a41, [9] p. :$bill. ;$c22 cm.
=336  \\$atext$2rdacontent
=337  \\$acomputer$2rdamedia
=338  \\$aonline resource$2rdacarrier
=490  1\$aNBER working paper series ;$vno. 13254
=500  \\$a"July 2007"
=504  \\$aIncludes bibliographical references (p. 25-27).
=520  \\$aIn the wake of the 1997-98 financial crises, interest rates in Asia were raised immediately, and then reduced sharply. We describe an environment in which this is the optimal monetary policy. The optimality of the immediate rise in the interest rate is an example of the theory of the second best: although high interest rates introduce an inefficiency wedge into the labor market, they are nevertheless welfare improving because they mitigate distortions due to binding collateral constraints. Over time, as various real frictions wear off and the collateral constraint is less binding, the familiar Friedman forces dominate, and interest rates are optimally set as low as possible.
=530  \\$aAlso available in PDF from the NBER world wide web site (www.nber.org).
=540  \\$aBritish Library not licensed to copy$c0$5Uk
=650  \0$aInterest rates.
=650  \0$aMonetary policy.
=700  1\$aChristiano, Lawrence J.
=700  1\$aRoldós, Jorge E.,$d1958-
=710  2\$aNational Bureau of Economic Research.
=830  \0$aWorking paper series (National Bureau of Economic Research) ;$vworking paper no. 13254.
=852  41$aBritish Library$bDSC$j6067.719500$ino. 13254
=856  41$uhttp://www.nber.org/papers/W13254.pdf$zClick here to download PDF file
=ACF  \\$aBritish Library not licensed to copy$c0$e01-oct-2013$hC$iCFP Excluded$5Uk
=CAT  \\$a9504$b40$c20070821$lBLL01$h0920
=CAT  \\$aBATCH-CLA$b00$c20130527$lBLL01$h0130
=CAT  \\$aBATCH-CLA$b00$c20130630$lBLL01$h1630
=CAT  \\$aIPL-CLA$c20130701$lBLL01$h0109
=CAT  \\$aBATCH-CLA$b00$c20130702$lBLL01$h0201
=CAT  \\$aBATCH-CLA$b00$c20130929$lBLL01$h1618
=CAT  \\$aIPL-CLA$c20130930$lBLL01$h1751
=CAT  \\$aBATCH-CLA$b00$c20131202$lBLL01$h0329
=CAT  \\$aIPL-CLA$c20140101$lBLL01$h0023
=CAT  \\$aBATCH-CLA$b00$c20140327$lBLL01$h1829
=CAT  \\$aIPL-CLA$c20140331$lBLL01$h1631
=CAT  \\$aBATCH-UPD$b00$c20211217$lBLL01$h2057
=CAT  \\$aBATCH-CLA$b00$c20211218$lBLL01$h0138
=CAT  \\$aW2308-1659$c20230923$lBLL01$h1107
=CAT  \\$aBATCH-CLA$b00$c20230924$lBLL01$h0649
=CFI  0\$aBritish Library not licensed to copy$c0$e01-apr-2014$hC$iCFP Excluded$5Uk
=FIN  \\$aY$d20070821
=FMT  \\$a  BK
=LAS  \\$aBATCH-CLA$b00$c20230924$lBLL01$h0649
=SID  \\$aZ39$bOCLC
=TCO  \\$aTRS$bCCC$c008

