=LDR  03996cam a22006377a 4500
=001  013822437
=003  Uk
=005  20230924064921.0
=007  cr\bn|||||||||
=008  070807s2007\\\\maua\\\\\b\\\\000\0\eng\d
=035  \\$a(OCoLC)163310171
=040  \\$aIUL$cIUL$dGZM$dUk
=043  \\$an-us---
=100  10$aMutti, John H.
=245  14$aThe effect of taxes on royalties and the migration of intangible assets abroad /$cJohn H. Mutti, Harry Grubert.
=260  \\$aCambridge, Mass. :$bNational Bureau of Economic Research,$cc2007.
=300  \\$a40 p. :$bill. ;$c22 cm.
=336  \\$atext$2rdacontent
=337  \\$acomputer$2rdamedia
=338  \\$aonline resource$2rdacarrier
=490  1\$aNBER working paper series ;$vno. 13248
=500  \\$a"July 2007"
=504  \\$aIncludes bibliographical references (p. 29-30).
=520  \\$aMigration of intangible assets from the United States to foreign countries has become easier due to the ability of U.S. firms to create hybrid entities in their affiliates abroad and to reach favorable cost sharing agreements with them. This strategy was particularly encouraged by the U.S. adoption of "check-the-box" regulations in 1997. Rather than receive royalties from affiliates abroad, US parent firms have an incentive to retain abroad in low-tax countries a greater share of the return to their US R&D. Evidence from several sources for years that span the 1997 policy change indicate a significant response by US corporations in utilizing this strategy. BEA data indicate affiliate earnings and profits grew more rapidly than royalty payments to US parents. Payments to U.S. parents for technical services rose even faster, as would be called for under cost sharing agreements. Regression analysis of affiliate data shows that parent R&D was a more important determinant of royalty payments to U.S. parents than it was for affiliate earnings and profits in 1996, but by 2002 it played a larger role in earnings and profits than in royalties. Cost sharing payments from affiliates in Ireland and from pure tax havens (Bermuda, the Cayman Islands, and Luxembourg) are particularly significant, both economically and statistically.
=530  \\$aAlso available in PDF from the NBER world wide web site (www.nber.org).
=540  \\$aBritish Library not licensed to copy$c0$5Uk
=650  \0$aInternational business enterprises$xTaxation$xGovernment policy$zUnited States.
=650  \0$aResearch, Industrial$xTaxation$xGovernment policy$zUnited States.
=650  \0$aIntangible property$zUnited States$xEconometric models.
=700  1\$aGrubert, Harry.
=710  2\$aNational Bureau of Economic Research.
=830  \0$aWorking paper series (National Bureau of Economic Research) ;$vworking paper no. 13248.
=852  41$aBritish Library$bDSC$j6067.719500$ino. 13248
=856  41$uhttp://www.nber.org/papers/W13248.pdf$zClick here to download PDF file
=ACF  \\$aBritish Library not licensed to copy$c0$e01-oct-2013$hC$iCFP Excluded$5Uk
=CAT  \\$a9504$b40$c20070821$lBLL01$h0924
=CAT  \\$aBATCH-CLA$b00$c20130527$lBLL01$h0130
=CAT  \\$aBATCH-CLA$b00$c20130630$lBLL01$h1630
=CAT  \\$aIPL-CLA$c20130701$lBLL01$h0109
=CAT  \\$aBATCH-CLA$b00$c20130702$lBLL01$h0201
=CAT  \\$aBATCH-CLA$b00$c20130929$lBLL01$h1618
=CAT  \\$aIPL-CLA$c20130930$lBLL01$h1751
=CAT  \\$aBATCH-CLA$b00$c20131202$lBLL01$h0329
=CAT  \\$aIPL-CLA$c20140101$lBLL01$h0023
=CAT  \\$aBATCH-CLA$b00$c20140327$lBLL01$h1829
=CAT  \\$aIPL-CLA$c20140331$lBLL01$h1631
=CAT  \\$aBATCH-UPD$b00$c20211217$lBLL01$h2057
=CAT  \\$aBATCH-CLA$b00$c20211218$lBLL01$h0138
=CAT  \\$aW2308-1659$c20230923$lBLL01$h1107
=CAT  \\$aBATCH-CLA$b00$c20230924$lBLL01$h0649
=CFI  0\$aBritish Library not licensed to copy$c0$e01-apr-2014$hC$iCFP Excluded$5Uk
=FIN  \\$aY$d20070821
=FMT  \\$a  BK
=LAS  \\$aBATCH-CLA$b00$c20230924$lBLL01$h0649
=SID  \\$aZ39$bOCLC
=TCO  \\$aTRS$bCCC$c008

