=LDR  02944 am a22006017a 4500
=001  013822453
=003  Uk
=005  20191231010343.0
=008  070823s2007\\\\maua\\\\\b\\\\000\0\eng\d
=035  \\$a(OCoLC)166273191
=040  \\$aGZM$cGZM$dUk
=100  1\$aEllison, Glenn,$d1965-
=245  10$aIs peer review in decline? /$cGlenn Ellison.
=260  \\$aCambridge, Mass. :$bNational Bureau of Economic Research,$cc2007.
=300  \\$a38 p. :$bill. ;$c22 cm.
=336  \\$atext$2rdacontent
=337  \\$aunmediated$2rdamedia
=338  \\$avolume$2rdacarrier
=490  1\$aNBER working paper series ;$vno. 13272
=500  \\$a"July 2007".
=504  \\$aIncludes bibliographical references (p. 37-38).
=520  \\$aOver the past decade there has been a decline in the fraction of papers in top economics journals written by economists from the highest-ranked economics departments. This paper documents this fact and uses additional data on publications and citations to assess various potential explanations. Several observations are consistent with the hypothesis that the Internet improves the ability of high-profile authors to disseminate their research without going through the traditional peer-review process.
=530  \\$aAlso available in PDF from the NBER World Wide Web site (www.nber.org).
=540  \\$aBritish Library not licensed to copy$c0$5Uk
=650  \0$aEconomics$xPeriodicals$xEvaluation$xMathematical models.
=650  \0$aScholarly periodicals$xEvaluation$xMathematical models.
=650  \0$aPeer review$xMathematical models.
=650  \0$aResearch$xMathematical models.
=710  2\$aNational Bureau of Economic Research.
=830  \0$aWorking paper series (National Bureau of Economic Research) ;$vworking paper no. 13272.
=852  41$aBritish Library$bDSC$j6067.719500$ino. 13272
=856  41$uhttp://www.nber.org/papers/W13272.pdf$zClick here to download PDF file
=ACF  \\$aBritish Library not licensed to copy$c0$e01-oct-2013$hC$iCFP Excluded$5Uk
=CAT  \\$a7164$b40$c20070821$lBLL01$h0932
=CAT  \\$a11317$b40$c20070903$lBLL01$h1111
=CAT  \\$aBATCH-CLA$b00$c20130527$lBLL01$h0130
=CAT  \\$aBATCH-CLA$b00$c20130630$lBLL01$h1630
=CAT  \\$aIPL-CLA$c20130701$lBLL01$h0109
=CAT  \\$aBATCH-CLA$b00$c20130702$lBLL01$h0201
=CAT  \\$aBATCH-CLA$b00$c20130929$lBLL01$h1618
=CAT  \\$aIPL-CLA$c20130930$lBLL01$h1751
=CAT  \\$aBATCH-CLA$b00$c20131202$lBLL01$h0329
=CAT  \\$aIPL-CLA$c20140101$lBLL01$h0023
=CAT  \\$aBATCH-CLA$b00$c20140327$lBLL01$h1829
=CAT  \\$aIPL-CLA$c20140331$lBLL01$h1631
=CAT  \\$aBATCH-UPD$b00$c20191230$lBLL01$h1655
=CAT  \\$aBATCH-CLA$b00$c20191231$lBLL01$h0103
=CFI  0\$aBritish Library not licensed to copy$c0$e01-apr-2014$hC$iCFP Excluded$5Uk
=FIN  \\$aY$d20070903
=FMT  \\$a  BK
=LAS  \\$aBATCH-CLA$b00$c20191231$lBLL01$h0103
=SID  \\$aZ39$bOCLC
=TCO  \\$aTRS$bCCC$c008

