=LDR  03349cam a22006137a 4500
=001  013822829
=003  Uk
=005  20211218013857.0
=008  070824s2007\\\\mau\\\\\\b\\\\000\0\eng\d
=035  \\$a(OCoLC)166290474
=040  \\$aGZM$cGZM$dUk
=050  00$aHB1
=100  1\$aDeAngelo, Harry.
=245  10$aFundamentals, market timing, and seasoned equity offerings /$cHarry DeAngelo, Linda DeAngelo, René M. Stulz.
=260  \\$aCambridge, Mass. :$bNational Bureau of Economic Research,$cc2007.
=300  \\$a24, [12] p. ;$c22 cm.
=336  \\$atext$2rdacontent
=337  \\$aunmediated$2rdamedia
=338  \\$avolume$2rdacarrier
=490  1\$aNBER working paper series ;$vno. 13285
=500  \\$a"July 2007".
=504  \\$aIncludes bibliographical references.
=520  \\$aFirms conduct SEOs to resolve a near-term liquidity squeeze, and not primarily to exploit market timing opportunities. Without the SEO proceeds, 62.6% of issuers would have insufficient cash to implement their chosen operating and non-SEO financing decisions the year after the SEO. Although the SEO decision is positively related to a firm's market-to-book (M/B) ratio and prior excess stock return and negatively related to its future excess return, these relations are economically immaterial. For example, a 150% swing in future net of market stock returns (from a 75% gain to a 75% loss over three years) increases by only 1% the probability of an SEO in the immediately prior year. Strikingly, most firms with quintessential "market timer" characteristics fail to issue stock and a non-trivial number of mature firms do issue stock, with current and former dividend payers raising more than half of all issue proceeds.
=530  \\$aAlso available in PDF from the NBER world wide web site (www.nber.org).
=540  \\$aBritish Library not licensed to copy$c0$5Uk
=650  \0$aCorporations$xFinance.
=700  1\$aDeAngelo, Linda.
=700  1\$aStulz, René M.
=710  2\$aNational Bureau of Economic Research.
=830  \0$aWorking paper series (National Bureau of Economic Research) ;$vworking paper no. 13285.
=852  41$aBritish Library$bDSC$j6067.719500$ino. 13285
=856  41$uhttp://www.nber.org/papers/W13285.pdf$zClick here to download PDF file
=ACF  \\$aBritish Library not licensed to copy$c0$e01-oct-2013$hC$iCFP Excluded$5Uk
=CAT  \\$a7164$b40$c20070821$lBLL01$h1201
=CAT  \\$a11317$b40$c20070903$lBLL01$h1045
=CAT  \\$aBATCH-CLA$b00$c20130527$lBLL01$h0130
=CAT  \\$aBATCH-CLA$b00$c20130630$lBLL01$h1630
=CAT  \\$aIPL-CLA$c20130701$lBLL01$h0109
=CAT  \\$aBATCH-CLA$b00$c20130702$lBLL01$h0201
=CAT  \\$aBATCH-CLA$b00$c20130929$lBLL01$h1618
=CAT  \\$aIPL-CLA$c20130930$lBLL01$h1752
=CAT  \\$aBATCH-CLA$b00$c20131202$lBLL01$h0329
=CAT  \\$aIPL-CLA$c20140101$lBLL01$h0023
=CAT  \\$aBATCH-CLA$b00$c20140327$lBLL01$h1829
=CAT  \\$aIPL-CLA$c20140331$lBLL01$h1631
=CAT  \\$aBATCH-UPD$b00$c20150819$lBLL01$h1723
=CAT  \\$aBATCH-UPD$b00$c20211217$lBLL01$h2057
=CAT  \\$aBATCH-CLA$b00$c20211218$lBLL01$h0138
=CFI  0\$aBritish Library not licensed to copy$c0$e01-apr-2014$hC$iCFP Excluded$5Uk
=FIN  \\$aY$d20070903
=FMT  \\$a  BK
=LAS  \\$aBATCH-CLA$b00$c20211218$lBLL01$h0138
=SID  \\$aZ39$bOCLC
=TCO  \\$aTRS$bCCC$c008

