=LDR  03074cam a22006257a 4500
=001  013822931
=003  Uk
=005  20230924064921.0
=007  cr\bn|||||||||
=008  070807s2007\\\\mau\\\\\\b\\\\000\0\eng\d
=035  \\$a(OCoLC)163125542
=040  \\$aUPM$cUPM$dGZM$dCUS$dUk
=050  14$aHB1$b.W654 no. 13280
=100  1\$aRazin, Assaf.
=245  10$aFlattened inflation-output tradeoff and enhanced anti-inflation policy :$boutcome of globalization? /$cAssaf Razin, Alon Binyamini.
=260  \\$aCambridge, Mass. :$bNational Bureau of Economic Research,$cc2007.
=300  \\$a26 p. ;$c22 cm.
=336  \\$atext$2rdacontent
=337  \\$acomputer$2rdamedia
=338  \\$aonline resource$2rdacarrier
=490  1\$aNBER working paper series ;$vworking paper 13280
=500  \\$a"July 2007."
=504  \\$aIncludes bibliographical references (p. 20-21).
=520  \\$aThe paper provides a unified analysis of globalization effects on the Phillips curve and monetary policy, in a New-Keynesian framework. The main proposition of the paper is twofold. Labor, goods, and capital mobility flatten the tradeoff between inflation and activity. If policy makers are guided by the welfare criterion of the representative household, globalization forces also lead monetary policy to be more aggressive with regard to inflation fluctuations but, at the same time, more benign with respect to the output-gap fluctuations.
=530  \\$aAlso available in PDF from the NBER World Wide Web site (www.nber.org).
=540  \\$aBritish Library not licensed to copy$c0$5Uk
=650  \0$aGlobalization.
=650  \0$aMonetary policy$xEconometric models.
=700  1\$aBinyamini, Alon.
=710  2\$aNational Bureau of Economic Research.
=830  \0$aWorking paper series (National Bureau of Economic Research) ;$vworking paper no. 13280.
=852  41$aBritish Library$bDSC$j6067.719500$ino. 13280
=856  41$uhttp://www.nber.org/papers/W13280.pdf$zClick here to download PDF file
=ACF  \\$aBritish Library not licensed to copy$c0$e01-oct-2013$hC$iCFP Excluded$5Uk
=CAT  \\$a7164$b40$c20070821$lBLL01$h1300
=CAT  \\$aBATCH-CLA$b00$c20130527$lBLL01$h0130
=CAT  \\$aBATCH-CLA$b00$c20130630$lBLL01$h1630
=CAT  \\$aIPL-CLA$c20130701$lBLL01$h0109
=CAT  \\$aBATCH-CLA$b00$c20130702$lBLL01$h0201
=CAT  \\$aBATCH-CLA$b00$c20130929$lBLL01$h1618
=CAT  \\$aIPL-CLA$c20130930$lBLL01$h1752
=CAT  \\$aBATCH-CLA$b00$c20131202$lBLL01$h0329
=CAT  \\$aIPL-CLA$c20140101$lBLL01$h0023
=CAT  \\$aBATCH-CLA$b00$c20140327$lBLL01$h1829
=CAT  \\$aIPL-CLA$c20140331$lBLL01$h1631
=CAT  \\$aBATCH-UPD$b00$c20211217$lBLL01$h2057
=CAT  \\$aBATCH-CLA$b00$c20211218$lBLL01$h0138
=CAT  \\$aW2308-1659$c20230923$lBLL01$h1107
=CAT  \\$aBATCH-CLA$b00$c20230924$lBLL01$h0649
=CFI  0\$aBritish Library not licensed to copy$c0$e01-apr-2014$hC$iCFP Excluded$5Uk
=FIN  \\$aY$d20070821
=FMT  \\$a  BK
=LAS  \\$aBATCH-CLA$b00$c20230924$lBLL01$h0649
=SID  \\$aZ39$bOCLC
=TCO  \\$aTRS$bCCC$c008

