=LDR  03088cam a22006017a 4500
=001  013830085
=003  Uk
=005  20211218013857.0
=008  070829s2007\\\\maua\\\\\b\\\\000\0\eng\d
=035  \\$a(OCoLC)166410968
=040  \\$aUk$beng$cUk
=100  1\$aHu, Daiwei.
=245  10$aPairwise-core monetary trade in the Lagos-Wright Model /$cTai-wei Hu, John Kennan, Neil Wallace.
=260  \\$aCambridge, Mass. :$bNational Bureau of Economic Research,$cc2007.
=300  \\$a15 p. :$bill. ;$c22 cm.
=336  \\$atext$2rdacontent
=337  \\$aunmediated$2rdamedia
=338  \\$avolume$2rdacarrier
=490  1\$aNBER working paper series ;$vno. 13310
=500  \\$a"August 2007"
=504  \\$aIncludes bibliographical references (p. 15).
=520  \\$aThe Lagos-Wright model has been analyzed using particular trading protocols. Here, weakly and strongly implementable allocations are studied, where weak and strong are used in the sense of (weak) Nash (immune to individual defection) and strong Nash (immune to individual and cooperative pairwise defection). It is shown that the first-best allocation is strongly implementable without intervention for all sufficiently high discount factors. And, if people are free to skip the centralized meeting, then Friedman-rule intervention that uses lump-sum taxation in the centralized meeting to raise the return on money does not enlarge even the set of weakly implementable allocations.
=530  \\$aAlso available in PDF from the NBER world wide web site (www.nber.org).
=540  \\$aBritish Library not licensed to copy$c0$5Uk
=650  \0$aMonetary policy$xMathematical models.
=700  1\$aKennan, John.
=700  1\$aWallace, Neil.
=710  2\$aNational Bureau of Economic Research.
=830  \0$aWorking paper series (National Bureau of Economic Research) ;$vworking paper no. 13310.
=852  41$aBritish Library$bDSC$j6067.719500$ino. 13310
=856  41$uhttp://www.nber.org/papers/W13310.pdf$zClick here to download PDF file
=ACF  \\$aBritish Library not licensed to copy$c0$e01-oct-2013$hC$iCFP Excluded$5Uk
=CAT  \\$a9504$b40$c20070829$lBLL01$h1201
=CAT  \\$a11250$b40$c20070903$lBLL01$h1215
=CAT  \\$aBATCH-UPD$b40$c20081011$lBLL01$h2001
=CAT  \\$aBATCH-CLA$b00$c20130527$lBLL01$h0130
=CAT  \\$aBATCH-CLA$b00$c20130630$lBLL01$h1630
=CAT  \\$aIPL-CLA$c20130701$lBLL01$h0109
=CAT  \\$aBATCH-CLA$b00$c20130702$lBLL01$h0201
=CAT  \\$aBATCH-CLA$b00$c20130929$lBLL01$h1618
=CAT  \\$aIPL-CLA$c20130930$lBLL01$h1752
=CAT  \\$aBATCH-CLA$b00$c20131202$lBLL01$h0329
=CAT  \\$aIPL-CLA$c20140101$lBLL01$h0023
=CAT  \\$aBATCH-CLA$b00$c20140327$lBLL01$h1829
=CAT  \\$aIPL-CLA$c20140331$lBLL01$h1631
=CAT  \\$aBATCH-UPD$b00$c20211217$lBLL01$h2057
=CAT  \\$aBATCH-CLA$b00$c20211218$lBLL01$h0138
=CFI  0\$aBritish Library not licensed to copy$c0$e01-apr-2014$hC$iCFP Excluded$5Uk
=FIN  \\$aY$d20070903
=FMT  \\$a  BK
=LAS  \\$aBATCH-CLA$b00$c20211218$lBLL01$h0138
=SID  \\$aZ39$bOCLC
=TCO  \\$aTRS$bCCC$c008

