=LDR  03274 am a22005777a 4500
=001  013830091
=003  Uk
=005  20070903121223.0
=008  070829s2007\\\\mau\\\\\\b\\\\000\0\eng\d
=035  \\$a(OCoLC)166410789
=040  \\$aUk$beng$cUk
=100  10$aGalenson, David W.
=245  10$aFrom "White Christmas" to Sgt. Pepper :$bthe conceptual revolution in popular music /$cDavid Galenson.
=260  \\$aCambridge, Mass. :$bNational Bureau of Economic Research,$cc2007.
=300  \\$a34, [13] p. ;$c22 cm.
=336  \\$atext$2rdacontent
=337  \\$aunmediated$2rdamedia
=338  \\$avolume$2rdacarrier
=490  1\$aNBER working paper series ;$vno. 13308
=500  \\$a"August 2007"
=504  \\$aIncludes bibliographical references.
=520  \\$aIrving Berlin, Cole Porter, and other songwriters of the Golden Era wrote popular songs that treated common topics clearly and simply. During the mid-1960s Bob Dylan, John Lennon, and Paul McCartney created a new kind of popular music that was personal and often obscure. This shift, which transformed popular music from an experimental into a conceptual art, produced a distinct change in the creative life cycles of songwriters. Golden Era songwriters were generally at their best during their 30s and 40s, whereas since the mid-'60s popular songwriters have consistently done their best work during their 20s. The revolution in popular music occurred at a time when young innovators were making similar transformations in other arts: Jean-Luc Godard and his fellow New Wave directors created a conceptual revolution in film in the early '60s, just as Andy Warhol and other Pop artists made painting a conceptual activity.
=530  \\$aAlso available in PDF from the NBER world wide web site (www.nber.org).
=540  \\$aBritish Library not licensed to copy$c0$5Uk
=650  \0$aPopular music$xHistory$y20th century.
=650  \0$aConceptual art$xHistory$y20th century.
=710  2\$aNational Bureau of Economic Research.
=830  \0$aWorking paper series (National Bureau of Economic Research) ;$vworking paper no. 13308.
=852  41$aBritish Library$bDSC$j6067.719500$ino. 13308
=856  41$uhttp://www.nber.org/papers/W13308.pdf$zClick here to download PDF file
=ACF  \\$aBritish Library not licensed to copy$c0$e01-oct-2013$hC$iCFP Excluded$5Uk
=CAT  \\$a9504$b40$c20070829$lBLL01$h1205
=CAT  \\$a11250$b40$c20070903$lBLL01$h1212
=CAT  \\$aBATCH-CLA$b00$c20130527$lBLL01$h0130
=CAT  \\$aBATCH-CLA$b00$c20130630$lBLL01$h1630
=CAT  \\$aIPL-CLA$c20130701$lBLL01$h0109
=CAT  \\$aBATCH-CLA$b00$c20130702$lBLL01$h0201
=CAT  \\$aBATCH-CLA$b00$c20130929$lBLL01$h1618
=CAT  \\$aIPL-CLA$c20130930$lBLL01$h1752
=CAT  \\$aBATCH-CLA$b00$c20131202$lBLL01$h0329
=CAT  \\$aIPL-CLA$c20140101$lBLL01$h0023
=CAT  \\$aBATCH-CLA$b00$c20140327$lBLL01$h1829
=CAT  \\$aIPL-CLA$c20140331$lBLL01$h1631
=CAT  \\$aBATCH-UPD$b00$c20181212$lBLL01$h1646
=CAT  \\$aBATCH-CLA$b00$c20181213$lBLL01$h0107
=CFI  0\$aBritish Library not licensed to copy$c0$e01-apr-2014$hC$iCFP Excluded$5Uk
=FIN  \\$aY$d20070903
=FMT  \\$a  BK
=LAS  \\$aBATCH-CLA$b00$c20181213$lBLL01$h0107
=SID  \\$aZ39$bOCLC
=TCO  \\$aTRS$bCCC$c008

