=LDR  03307 am a22006617a 4500
=001  013830175
=003  Uk
=005  20070903114558.0
=008  070829s2007\\\\mau\\\\\\b\\\\000\0\eng\d
=035  \\$a(OCoLC)166410877
=040  \\$aUk$beng$cUk
=043  \\$an-us---
=100  1\$aBenjamin, Daniel J.
=245  10$aSocial identity and preferences /$cDaniel J. Benjamin, James J. Choi, A. Joshua Strickland.
=260  \\$aCambridge, Mass. :$bNational Bureau of Economic Research,$cc2007.
=300  \\$a42, [9] p. ;$c22 cm.
=336  \\$atext$2rdacontent
=337  \\$aunmediated$2rdamedia
=338  \\$avolume$2rdacarrier
=490  1\$aNBER working paper series ;$vno. 13309
=500  \\$a"August 2007"
=504  \\$aIncludes bibliographical references (p. 36-42).
=520  \\$aIn two laboratory experiments, we examine whether norms associated with one's social identity affect time and risk preferences. When we make ethnic identity salient to Asian-American subjects, they make more patient choices. When we make race salient to black subjects, non-immigrant blacks (but not immigrant blacks) make more risk-averse choices. Making gender identity salient causes choices to conform to gender norms the subject believes are relatively more common. Our results provide evidence that identity effects play a role in shaping U.S. demographic patterns in economic behaviors and outcomes.
=530  \\$aAlso available in PDF from the NBER world wide web site (www.nber.org).
=540  \\$aBritish Library not licensed to copy$c0$5Uk
=650  \0$aGroup identity$xEconomic aspects$zUnited States.
=650  \0$aIdentity (Psychology)$xEconomic aspects.
=650  \0$aDemography$xEconomic aspects$zUnited States.
=650  \0$aAfrican Americans$xRace identity$xEconomic aspects.
=650  \0$aGender identity$xEconomic aspects$zUnited States.
=700  1\$aChoi, James J.
=700  1\$aStrickland, A. Joshua.
=710  2\$aNational Bureau of Economic Research.
=830  \0$aWorking paper series (National Bureau of Economic Research) ;$vworking paper no. 13309.
=852  41$aBritish Library$bDSC$j6067.719500$ino. 13309
=856  41$uhttp://www.nber.org/papers/W13309.pdf$zClick here to download PDF file
=ACF  \\$aBritish Library not licensed to copy$c0$e01-oct-2013$hC$iCFP Excluded$5Uk
=CAT  \\$a9504$b40$c20070829$lBLL01$h1332
=CAT  \\$a11250$b40$c20070903$lBLL01$h1144
=CAT  \\$a11250$b40$c20070903$lBLL01$h1145
=CAT  \\$aBATCH-CLA$b00$c20130527$lBLL01$h0130
=CAT  \\$aBATCH-CLA$b00$c20130630$lBLL01$h1630
=CAT  \\$aIPL-CLA$c20130701$lBLL01$h0109
=CAT  \\$aBATCH-CLA$b00$c20130702$lBLL01$h0201
=CAT  \\$aBATCH-CLA$b00$c20130929$lBLL01$h1618
=CAT  \\$aIPL-CLA$c20130930$lBLL01$h1752
=CAT  \\$aBATCH-CLA$b00$c20131202$lBLL01$h0329
=CAT  \\$aIPL-CLA$c20140101$lBLL01$h0023
=CAT  \\$aBATCH-CLA$b00$c20140327$lBLL01$h1829
=CAT  \\$aIPL-CLA$c20140331$lBLL01$h1631
=CAT  \\$aBATCH-UPD$b00$c20190426$lBLL01$h2050
=CAT  \\$aBATCH-CLA$b00$c20190427$lBLL01$h0103
=CFI  0\$aBritish Library not licensed to copy$c0$e01-apr-2014$hC$iCFP Excluded$5Uk
=FIN  \\$aY$d20070903
=FMT  \\$a  BK
=LAS  \\$aBATCH-CLA$b00$c20190427$lBLL01$h0103
=SID  \\$aZ39$bOCLC
=TCO  \\$aTRS$bCCC$c008

