=LDR  02622cam a22006377a 4500
=001  013886852
=003  Uk
=005  20230924064922.0
=007  cr\mn|||||||||
=008  070830s2007\\\\maua\\\\\b\\\\000\0\eng\d
=035  \\$a(OCoLC)166430744
=040  \\$aUPM$cUPM$dGZM$dUk
=043  \\$an-us---
=050  14$aHB1$b.W654 no. 13299
=100  1\$aBeck, Thorsten.
=245  10$aBig bad banks? :$bthe impact of U.S. branch deregulation on income distribution /$cThorsten Beck, Ross Levine, Alexey Levkov.
=260  \\$aCambridge, Mass. :$bNational Bureau of Economic Research,$cc2007.
=300  \\$a39 p. :$bill. ;$c22 cm.
=336  \\$atext$2rdacontent
=337  \\$acomputer$2rdamedia
=338  \\$aonline resource$2rdacarrier
=490  1\$aNBER working paper series ;$vworking paper 13299
=500  \\$a"August 2007."
=504  \\$aIncludes bibliographical references (p. 27-29).
=530  \\$aAlso available in PDF from the NBER World Wide Web site (www.nber.org).
=540  \\$aBritish Library not licensed to copy$c0$5Uk
=650  \0$aBanks and banking$xDeregulation$zUnited States.
=650  \0$aIncome distribution$zUnited States$xEconometric models.
=700  1\$aLevine, Ross.
=700  1\$aLevkov, Alexey.
=710  2\$aNational Bureau of Economic Research.
=830  \0$aWorking paper series (National Bureau of Economic Research) ;$vworking paper no. 13299.
=852  41$aBritish Library$bDSC$j6067.719500$ino. 13299
=856  41$uhttp://www.nber.org/papers/W13299.pdf$zClick here to download PDF file
=ACF  \\$aBritish Library not licensed to copy$c0$e01-oct-2013$hC$iCFP Excluded$5Uk
=CAT  \\$a10775$b40$c20070910$lBLL01$h1038
=CAT  \\$aBATCH-CLA$b00$c20130527$lBLL01$h0130
=CAT  \\$aBATCH-CLA$b00$c20130630$lBLL01$h1630
=CAT  \\$aIPL-CLA$c20130701$lBLL01$h0110
=CAT  \\$aBATCH-CLA$b00$c20130702$lBLL01$h0201
=CAT  \\$aBATCH-CLA$b00$c20130929$lBLL01$h1618
=CAT  \\$aIPL-CLA$c20130930$lBLL01$h1752
=CAT  \\$aBATCH-CLA$b00$c20131202$lBLL01$h0329
=CAT  \\$aIPL-CLA$c20140101$lBLL01$h0025
=CAT  \\$aBATCH-CLA$b00$c20140327$lBLL01$h1829
=CAT  \\$aIPL-CLA$c20140331$lBLL01$h1632
=CAT  \\$aBATCH-UPD$b00$c20190628$lBLL01$h2031
=CAT  \\$aBATCH-CLA$b00$c20190629$lBLL01$h0104
=CAT  \\$aW2308-1659$c20230923$lBLL01$h1108
=CAT  \\$aBATCH-CLA$b00$c20230924$lBLL01$h0649
=CFI  0\$aBritish Library not licensed to copy$c0$e01-apr-2014$hC$iCFP Excluded$5Uk
=FIN  \\$aY$d20070910
=FMT  \\$a  BK
=LAS  \\$aBATCH-CLA$b00$c20230924$lBLL01$h0649
=SID  \\$aZ39$bOCLC
=TCO  \\$aTRS$bCCC$c008

