=LDR  03879cam a22006377a 4500
=001  013951354
=003  Uk
=005  20230924064922.0
=008  070907s2007\\\\maua\\\\\b\\\\000\0\eng\d
=035  \\$a(OCoLC)169933304
=040  \\$aGUL$cGUL$dUk
=043  \\$an-us---
=100  1\$aKopczuk, Wojciech.
=245  10$aUncovering the American dream :$binequality and mobility in social security earnings data since 1937 /$cWojciech Kopczuk, Emmanuel Saez, Jae Song.
=260  \\$aCambridge, Mass. :$bNational Bureau of Economic Research,$c2007.
=300  \\$a84 p. :$bill. ;$c22 cm.
=336  \\$atext$2rdacontent
=337  \\$aunmediated$2rdamedia
=338  \\$avolume$2rdacarrier
=490  1\$aNBER working paper series ;$vno. 13345
=500  \\$a"August 2007"
=504  \\$aIncludes bibliographical references (p. 42-49).
=520  \\$aThis paper uses Social Security Administration longitudinal earnings micro data since 1937 to analyze the evolution of inequality and mobility in the United States. Earnings inequality follows a U-shape pattern, decreasing sharply up to 1953 and increasing steadily afterwards. We find that short-term and long-term (rank based) mobility among all workers has been quite stable since 1950 (after a temporary surge during World War II). Therefore, the pattern of annual earnings inequality is very close to the pattern of inequality of longer term earnings. Mobility at the top has also been very stable and has not mitigated the dramatic increase in annual earnings concentration since the 1970s. However, the stability in long-term earnings mobility among all workers masks substantial heterogeneity across demographic groups. The decrease in the gender earnings gap and the substantial increase in upward mobility over a career for women is the driving force behind the relative stability of overall mobility measures which mask declines in mobility among men. In contrast, overall inequality and mobility patterns are not significantly influenced by the changing size and structure of immigration nor by changes in the black/white earnings gaps.
=530  \\$aAlso available in PDF from the NBER world wide web site (www.nber.org)
=540  \\$aBritish Library not licensed to copy$c0$5Uk
=650  \0$aSocial security$zUnited States$xHistory$xMathematical models.
=650  \0$aIncome distribution$zUnited States$xHistory$xMathematical models.
=700  1\$aSaez, Emmanuel.
=700  1\$aSong, Jae.
=710  2\$aNational Bureau of Economic Research.
=830  \0$aWorking paper series (National Bureau of Economic Research) ;$vno. 13345.
=852  41$aBritish Library$bDSC$j6067.719500$ino. 13345
=856  41$uhttp://www.nber.org/papers/w13345.pdf$zConnect to electronic version
=ACF  \\$aBritish Library not licensed to copy$c0$e01-oct-2013$hC$iCFP Excluded$5Uk
=CAT  \\$a9504$b40$c20070919$lBLL01$h1026
=CAT  \\$aBATCH-UPD$b40$c20101101$lBLL01$h0001
=CAT  \\$aBATCH-CLA$b00$c20130527$lBLL01$h0130
=CAT  \\$aBATCH-CLA$b00$c20130630$lBLL01$h1630
=CAT  \\$aIPL-CLA$c20130701$lBLL01$h0110
=CAT  \\$aBATCH-CLA$b00$c20130702$lBLL01$h0201
=CAT  \\$aBATCH-CLA$b00$c20130929$lBLL01$h1618
=CAT  \\$aIPL-CLA$c20130930$lBLL01$h1753
=CAT  \\$aBATCH-CLA$b00$c20131202$lBLL01$h0330
=CAT  \\$aIPL-CLA$c20140101$lBLL01$h0028
=CAT  \\$aBATCH-CLA$b00$c20140327$lBLL01$h1829
=CAT  \\$aIPL-CLA$c20140331$lBLL01$h1632
=CAT  \\$aBATCH-UPD$b00$c20210313$lBLL01$h1734
=CAT  \\$aBATCH-CLA$b00$c20210314$lBLL01$h0103
=CAT  \\$aW2308-1659$c20230923$lBLL01$h1109
=CAT  \\$aBATCH-CLA$b00$c20230924$lBLL01$h0649
=CFI  0\$aBritish Library not licensed to copy$c0$e01-apr-2014$hC$iCFP Excluded$5Uk
=FIN  \\$aY$d20070919
=FMT  \\$a  BK
=LAS  \\$aBATCH-CLA$b00$c20230924$lBLL01$h0649
=SID  \\$aZ39$bOCLC
=TCO  \\$aTRS$bCCC$c008

