=LDR  03753cam a22004937a 4500
=001  014277514
=003  Uk
=005  20230924064626.0
=008  071105s2007\\\\njua\\\\\b\\\\000\0\eng\d
=035  \\$a(OCoLC)180703346
=040  \\$aVVB$cVVB$dUk
=043  \\$aa-is---
=100  1\$aLavy, Victor.
=245  10$aMechanisms and impacts of gender peer effects at school /$cVictor Lavy, Analía Schlosser.
=260  \\$aPrinceton, N.J. :$bEducation Research Section, Princeton University,$c2007.
=300  \\$a31, [i.e. 50 p.] :$bill. ;$c28cm.
=336  \\$atext$2rdacontent
=337  \\$aunmediated$2rdamedia
=338  \\$avolume$2rdacarrier
=490  1\$aWorking paper ;$v#23
=500  \\$a"July 2007"
=504  \\$aIncludes bibliographical references (p. 30-31).
=520  \\$aThe consequences of gender social and learning interactions in the classroom are of interest to parents, policy makers, and researchers. However, little is known about gender peer effects in schools and their operational channels. In this paper, we estimate the effects of classroom gender composition on scholastic achievements of boys and girls in Israeli primary, middle, and high schools and identify the mechanisms through which these peer effects are enacted. In particular, we examine whether gender peer effects work through changes in classroom learning and social environment, teaching methods and pedagogy, and teacher burnout and work satisfaction. In assessing these mechanisms, we distinguish between the effects generated by changes in the classroom gender composition and those generated by changes in the behavior of students. To control for potentially confounding unobserved characteristics of schools and students that might be correlated with peer gender composition, we rely on idiosyncratic variations in gender composition across adjacent cohorts within the same schools. Our results suggest that an increase in the proportion of girls leads to a significant improvement in students' cognitive outcomes. The estimated effects are of similar magnitude for boys and girls. As important mechanisms, we find that a higher proportion of female peers lowers the level of classroom disruption and violence, improves inter-student and student-teacher relationships as well as students' overall satisfaction in school, and lessens teachers' fatigue. We find, however, no effect on individual behavior of boys or girls, which suggests that the positive peer effects of girls on classroom environment are due mostly to compositional change, namely due to having more girls in the classroom and not due to improved behavior of peers.
=530  \\$aAlso available in PDF from the NBER world wide web site (www.nber.org).
=540  \\$aBritish Library not licensed to copy$c0$5Uk
=650  \0$aSex differences in education$zIsrael.
=650  \0$aEducational equalization.
=650  \0$aAcademic achievement$zIsrael$xEconometric models.
=700  1\$aSchlosser, Analia,$d1974-
=710  2\$aEducation Research Section.
=830  \0$aWorking paper (Princeton University. Education Research Section) ;$vno. 23.
=852  41$aBritish Library$bDSC$j9349.839900$ino. 23
=856  41$uhttp://www.nber.org/papers/W13292.pdf$zClick here to download PDF file
=CAT  \\$a6098$b40$c20071107$lBLL01$h1234
=CAT  \\$a6098$b40$c20071107$lBLL01$h1235
=CAT  \\$aBATCH-UPD$b40$c20190227$lBLL01$h1907
=CAT  \\$aBATCH-CLA$b00$c20190228$lBLL01$h0107
=CAT  \\$aW2308-1659$c20230923$lBLL01$h1113
=CAT  \\$aBATCH-CLA$b00$c20230924$lBLL01$h0646
=CFI  0\$aBritish Library not licensed to copy$c0$e07-sep-2011$hC$iTX$5Uk
=FIN  \\$aY$d20071107
=FMT  \\$a  BK
=LAS  \\$aBATCH-CLA$b00$c20230924$lBLL01$h0646
=SID  \\$aZ39$bOCLC

