=LDR  03531cam a22006377a 4500
=001  014490317
=003  Uk
=005  20230924064930.0
=008  080110s2007\\\\maua\\\\\b\\\\000\0\eng\d
=035  \\$a(OCoLC)190711533
=040  \\$aGUL$cGUL$dUk
=100  1\$aHeathcote, Jonathan.
=245  10$aInsurance and opportunities :$ba welfare analysis of labor market risk /$cJonathan Heathcote, Kjetil Storesletten, Giovanni L. Violante.
=260  \\$aCambridge, Mass. :$bNational Bureau of Economic Research,$c2007.
=300  \\$a48 p. :$bill. ;$c22 cm.
=336  \\$atext$2rdacontent
=337  \\$aunmediated$2rdamedia
=338  \\$avolume$2rdacarrier
=490  1\$aNBER working paper series ;$vno. 13673
=500  \\$a"December 2007."
=504  \\$aIncludes bibliographical references (p. 42-45).
=520  \\$aUsing a model with constant relative risk-aversion preferences, endogenous labor supply and partial insurance against idiosyncratic wage risk, we provide an analytical characterization of three welfare effects: (a) the welfare effect of a rise in wage dispersion, (b) the welfare gain from completing markets, and (c) the welfare effect from eliminating risk. Our analysis reveals an important trade-off for these welfare calculations. On the one hand, higher wage uncertainty increases the cost associated with missing insurance markets. On the other hand, greater wage dispersion presents opportunities to raise aggregate productivity by concentrating market work among more productive workers. Our welfare effects can be expressed in terms of the underlying parameters defining preferences and wage risk, or alternatively in terms of changes in observable second moments of the joint distribution over individual wages, consumption and hours.
=530  \\$aAlso available in PDF from the NBER World Wide Web site (www.nber.org).
=540  \\$aBritish Library not licensed to copy$c0$5Uk
=650  \0$aLabor market$xEconometric models.
=650  \0$aWelfare economics.
=700  1\$aStoresletten, Kjetil.
=700  1\$aViolante, Giovanni L.
=710  2\$aNational Bureau of Economic Research.
=830  \0$aWorking paper series (National Bureau of Economic Research) ;$vno. 13673.
=852  41$aBritish Library$bDSC$j6067.719500$ino. 13673
=856  41$uhttp://papers.nber.org/papers/13673$zConnect to electronic version
=ACF  \\$aBritish Library not licensed to copy$c0$e01-oct-2013$hC$iCFP Excluded$5Uk
=CAT  \\$a8411$b40$c20080111$lBLL01$h1057
=CAT  \\$a8411$b40$c20080111$lBLL01$h1058
=CAT  \\$a8411$b40$c20080229$lBLL01$h0850
=CAT  \\$aBATCH-CLA$b00$c20130527$lBLL01$h0130
=CAT  \\$aBATCH-CLA$b00$c20130630$lBLL01$h1630
=CAT  \\$aIPL-CLA$c20130701$lBLL01$h0118
=CAT  \\$aBATCH-CLA$b00$c20130702$lBLL01$h0202
=CAT  \\$aBATCH-CLA$b00$c20130929$lBLL01$h1619
=CAT  \\$aIPL-CLA$c20130930$lBLL01$h1758
=CAT  \\$aBATCH-CLA$b00$c20131202$lBLL01$h0331
=CAT  \\$aIPL-CLA$c20140101$lBLL01$h0047
=CAT  \\$aBATCH-CLA$b00$c20140327$lBLL01$h1829
=CAT  \\$aIPL-CLA$c20140331$lBLL01$h1633
=CAT  \\$aBATCH-UPD$b00$c20211217$lBLL01$h2059
=CAT  \\$aBATCH-CLA$b00$c20211218$lBLL01$h0138
=CAT  \\$aW2308-1659$c20230923$lBLL01$h1116
=CAT  \\$aBATCH-CLA$b00$c20230924$lBLL01$h0649
=CFI  0\$aBritish Library not licensed to copy$c0$e01-apr-2014$hC$iCFP Excluded$5Uk
=FIN  \\$aY$d20080111
=FMT  \\$a  BK
=LAS  \\$aBATCH-CLA$b00$c20230924$lBLL01$h0649
=SID  \\$aZ39$bOCLC
=TCO  \\$aTRS$bCCC$c008

