=LDR  03227cam a22006017a 4500
=001  014509658
=003  Uk
=005  20230924064931.0
=007  cr\mn|||||||||
=008  080122s2008\\\\mau\\\\\\\\\\\000\0\eng\d
=035  \\$a(OCoLC)191046986
=040  \\$aGUL$cGUL$dGZM$dUk
=043  \\$an-us---
=100  1\$aFeldstein, Martin S.
=245  10$aDesigning institutions to deal with terrorism in the United States /$cMartin S. Feldstein.
=260  \\$aCambridge, Mass. :$bNational Bureau of Economic Research,$c2008.
=300  \\$a11 p. ;$c22 cm.
=336  \\$atext$2rdacontent
=337  \\$acomputer$2rdamedia
=338  \\$aonline resource$2rdacarrier
=490  1\$aNBER working paper series ;$vno. 13729
=500  \\$a"January 2008."
=520  \\$aThe explosion in the 21st century of terrorist activities by Islamic radicals in the United States, Europe and Asia requires reforming the institutions for domestic counterterrorism (CT) and new international relations among individual national CT organizations. This paper discusses the institutional reforms for CT in the United States, focusing particularly on the changes in the FBI. These changes are compared with the way that the British CT activities of the MI5 and MI6 have evolved in response to terrorism in Britain. The paper also discusses the reasons why there is strong cooperation among the CT activities of all the major governments and with the United States in particular, even when those governments do not agree about military cooperation or about the use of economic sanctions.
=530  \\$aAlso available in PDF from the NBER World Wide Web site (www.nber.org).
=540  \\$aBritish Library not licensed to copy$c0$5Uk
=610  10$aUnited States.$bFederal Bureau of Investigation$xReform.
=650  \0$aTerrorism$zUnited States$xPrevention$y21st century.
=710  2\$aNational Bureau of Economic Research.
=830  \0$aWorking paper series (National Bureau of Economic Research) ;$vworking paper no. 13729.
=852  41$aBritish Library$bDSC$j6067.719500$ino. 13729
=856  41$uhttp://papers.nber.org/papers/13729$zConnect to electronic version
=ACF  \\$aBritish Library not licensed to copy$c0$e01-oct-2013$hC$iCFP Excluded$5Uk
=CAT  \\$a7164$b40$c20080130$lBLL01$h1647
=CAT  \\$aBATCH-CLA$b00$c20130527$lBLL01$h0130
=CAT  \\$aBATCH-CLA$b00$c20130630$lBLL01$h1630
=CAT  \\$aIPL-CLA$c20130701$lBLL01$h0118
=CAT  \\$aBATCH-CLA$b00$c20130702$lBLL01$h0202
=CAT  \\$aBATCH-CLA$b00$c20130929$lBLL01$h1619
=CAT  \\$aIPL-CLA$c20130930$lBLL01$h1758
=CAT  \\$aBATCH-CLA$b00$c20131202$lBLL01$h0331
=CAT  \\$aIPL-CLA$c20140101$lBLL01$h0049
=CAT  \\$aBATCH-CLA$b00$c20140327$lBLL01$h1829
=CAT  \\$aIPL-CLA$c20140331$lBLL01$h1633
=CAT  \\$aBATCH-UPD$b00$c20190614$lBLL01$h2059
=CAT  \\$aBATCH-CLA$b00$c20190615$lBLL01$h0129
=CAT  \\$aW2308-1659$c20230923$lBLL01$h1118
=CAT  \\$aBATCH-CLA$b00$c20230924$lBLL01$h0649
=CFI  0\$aBritish Library not licensed to copy$c0$e01-apr-2014$hC$iCFP Excluded$5Uk
=FIN  \\$aY$d20080130
=FMT  \\$a  BK
=LAS  \\$aBATCH-CLA$b00$c20230924$lBLL01$h0649
=SID  \\$aZ39$bOCLC
=TCO  \\$aTRS$bCCC$c008

