=LDR  03177cam a22006257a 4500
=001  014509660
=003  Uk
=005  20230924064931.0
=007  cr\mn|||||||||
=008  080123s2008\\\\mau\\\\\\b\\\\000\0\eng\d
=035  \\$a(OCoLC)191062967
=040  \\$aGUL$cGUL$dGZM$dUk
=100  1\$aRondeau, Daniel,$d1966-
=245  10$aMatching and challenge gifts to charity :$bevidence from laboratory and natural field experiments /$cDaniel Rondeau, John A. List.
=260  \\$aCambridge, Mass. :$bNational Bureau of Economic Research,$c2008.
=300  \\$a29 p. ;$c22 cm.
=336  \\$atext$2rdacontent
=337  \\$acomputer$2rdamedia
=338  \\$aonline resource$2rdacarrier
=490  1\$aNBER working paper series ;$vno. 13728
=500  \\$a"January 2008."
=504  \\$aIncludes bibliographical references (p. 24-25).
=520  \\$aThis study designs a natural field experiment linked to a controlled laboratory experiment to examine the effectiveness of matching gifts and challenge gifts, two popular strategies used to secure a portion of the {dollar}200 billion annually given to charities. We find evidence that challenge gifts positively influence contributions in the field, but matching gifts do not. Methodologically, we find important similarities and dissimilarities between behavior in the lab and the field. Overall, our results have clear implications for fundraisers and provide avenues for future empirical and theoretical work on charitable giving.
=530  \\$aAlso available in PDF from the NBER World Wide Web site (www.nber.org).
=540  \\$aBritish Library not licensed to copy$c0$5Uk
=650  \0$aCharities$xEconometric models.
=700  1\$aList, John A.,$d1968-
=710  2\$aNational Bureau of Economic Research.
=830  \0$aWorking paper series (National Bureau of Economic Research) ;$vworking paper no. 13728.
=852  41$aBritish Library$bDSC$j6067.719500$ino. 13728
=856  41$uhttp://papers.nber.org/papers/13728$zConnect to electronic version
=ACF  \\$aBritish Library not licensed to copy$c0$e01-oct-2013$hC$iCFP Excluded$5Uk
=CAT  \\$a7164$b40$c20080130$lBLL01$h1651
=CAT  \\$a7164$b40$c20080130$lBLL01$h1702
=CAT  \\$a7164$b40$c20080130$lBLL01$h1708
=CAT  \\$aBATCH-CLA$b00$c20130527$lBLL01$h0130
=CAT  \\$aBATCH-CLA$b00$c20130630$lBLL01$h1630
=CAT  \\$aIPL-CLA$c20130701$lBLL01$h0118
=CAT  \\$aBATCH-CLA$b00$c20130702$lBLL01$h0202
=CAT  \\$aBATCH-CLA$b00$c20130929$lBLL01$h1619
=CAT  \\$aIPL-CLA$c20130930$lBLL01$h1758
=CAT  \\$aBATCH-CLA$b00$c20131202$lBLL01$h0331
=CAT  \\$aIPL-CLA$c20140101$lBLL01$h0049
=CAT  \\$aBATCH-CLA$b00$c20140327$lBLL01$h1829
=CAT  \\$aIPL-CLA$c20140331$lBLL01$h1633
=CAT  \\$aBATCH-UPD$b00$c20190812$lBLL01$h2036
=CAT  \\$aBATCH-CLA$b00$c20190813$lBLL01$h0104
=CAT  \\$aW2308-1659$c20230923$lBLL01$h1118
=CAT  \\$aBATCH-CLA$b00$c20230924$lBLL01$h0649
=CFI  0\$aBritish Library not licensed to copy$c0$e01-apr-2014$hC$iCFP Excluded$5Uk
=FIN  \\$aY$d20080130
=FMT  \\$a  BK
=LAS  \\$aBATCH-CLA$b00$c20230924$lBLL01$h0649
=SID  \\$aZ39$bOCLC
=TCO  \\$aTRS$bCCC$c008

