=LDR  03243cam a22006137a 4500
=001  014672314
=003  Uk
=005  20230924064936.0
=008  080714s2008\\\\maua\\\\\b\\\\000\0\eng\d
=035  \\$a(OCoLC)233847555
=040  \\$aGUL$cGUL$dUk
=042  \\$aukblderived
=043  \\$aa-io---
=100  1\$aOlken, Benjamin A.
=245  10$aDirect democracy and local public goods :$bevidence from a field experiment in Indonesia /$cBenjamin A. Olken.
=260  \\$aCambridge, Mass. :$bNational Bureau of Economic Research,$cc2008.
=300  \\$a35 p. :$bill. ;$c22 cm.
=336  \\$atext$2rdacontent
=337  \\$aunmediated$2rdamedia
=338  \\$avolume$2rdacarrier
=490  1\$aNBER working paper series ;$vno. 14123
=500  \\$a"June 2008."
=504  \\$aIncludes bibliographical references (p. 25-26).
=520  \\$aThis paper presents an experiment where 48 Indonesian villages were randomly assigned to choose development projects through either representative-based meetings or direct election-based plebiscites. Plebiscites resulted in dramatically higher satisfaction among villagers, increased knowledge about the project, greater perceived benefits, and higher reported willingness to contribute. Changing the political mechanism had much smaller effects on the actual projects selected, with some evidence that plebiscites resulted in projects chosen by women being located in poorer areas. The results show that direct participation in political decision making can substantially increase satisfaction and legitimacy, even when it has little effect on actual decisions.
=530  \\$aAlso available in PDF from the NBER World Wide Web site (www.nber.org).
=540  \\$aBritish Library not licensed to copy$c0$5Uk
=650  \0$aEconomic development projects$xPolitical aspects$zIndonesia.
=650  \0$aPlebiscite$zIndonesia.
=710  2\$aNational Bureau of Economic Research.
=830  \0$aWorking paper series (National Bureau of Economic Research) ;$vworking paper no. 14123.
=852  41$aBritish Library$bDSC$j6067.719500$ino. 14123
=856  41$uhttp://papers.nber.org/papers/14123$zConnect to electronic version
=ACF  \\$aBritish Library not licensed to copy$c0$e01-oct-2013$hC$iCFP Excluded$5Uk
=CAT  \\$a10775$b40$c20080721$lBLL01$h0809
=CAT  \\$aBATCH-CLA$b00$c20130527$lBLL01$h0131
=CAT  \\$aBATCH-CLA$b00$c20130630$lBLL01$h1630
=CAT  \\$aIPL-CLA$c20130701$lBLL01$h0123
=CAT  \\$aBATCH-CLA$b00$c20130702$lBLL01$h0202
=CAT  \\$aBATCH-CLA$b00$c20130929$lBLL01$h1619
=CAT  \\$aIPL-CLA$c20130930$lBLL01$h1800
=CAT  \\$aBATCH-CLA$b00$c20131202$lBLL01$h0332
=CAT  \\$aIPL-CLA$c20140101$lBLL01$h0057
=CAT  \\$aBATCH-CLA$b00$c20140327$lBLL01$h1829
=CAT  \\$aIPL-CLA$c20140331$lBLL01$h1634
=CAT  \\$aBATCH-UPD$b00$c20211217$lBLL01$h2101
=CAT  \\$aBATCH-CLA$b00$c20211218$lBLL01$h0139
=CAT  \\$aW2308-1659$c20230923$lBLL01$h1126
=CAT  \\$aBATCH-CLA$b00$c20230924$lBLL01$h0649
=CFI  0\$aBritish Library not licensed to copy$c0$e01-apr-2014$hC$iCFP Excluded$5Uk
=FIN  \\$aY$d20080721
=FMT  \\$a  BK
=LAS  \\$aBATCH-CLA$b00$c20230924$lBLL01$h0649
=SID  \\$aZ39$bOCLC
=TCO  \\$aTRS$bCCC$c008

