=LDR  03250cam a22006737a 4500
=001  014672501
=003  Uk
=005  20230924064937.0
=008  080716s2008\\\\mau\\\\\\b\\\\000\0\eng\d
=035  \\$a(OCoLC)234083603
=040  \\$aGUL$cGUL$dUk
=042  \\$aukblderived
=043  \\$an-us---
=100  10$aCarlson, Curtis Ray.
=245  10$aEnergy tax incentives and the alternative minimum tax /$cCurtis Carlson, Gilbert E. Metcalf.
=260  \\$aCambridge, MA. :$bNational Bureau of Economic Research,$c2008.
=300  \\$a27 p. ;$c22 cm.
=336  \\$atext$2rdacontent
=337  \\$aunmediated$2rdamedia
=338  \\$avolume$2rdacarrier
=490  1\$aNBER working paper series ;$vno. 14110
=500  \\$a"June 2008."
=504  \\$aIncludes bibliographical references (p. 27).
=520  \\$aWe take a first look at limitations on the use of energy-related tax credits contained in the General Business Credit (GBC) due to limitations within the regular corporate income tax as well as the AMT. Between 2000 and 2005, firms were unable to use all energy-related tax credits due to GBC limitations in the regular tax. The AMT has a smaller but still pronounced impact on the ability of firms to use these credits. Finally, we provide some illustrative calculations to demonstrate how the AMT can lead to very different levelized costs of producing electricity from a wind power project.
=530  \\$aAlso available in PDF from the NBER World Wide Web site (www.nber.org).
=540  \\$aBritish Library not licensed to copy$c0$5Uk
=650  \0$aEnergy tax credits$zUnited States.
=650  \0$aCorporations$xTaxation$xEnvironmental aspects$zUnited States.
=650  \0$aAlternative minimum tax$zUnited States.
=700  1\$aMetcalf, Gilbert E.
=710  2\$aNational Bureau of Economic Research.
=830  \0$aNBER working paper series ;$vno. 14110
=852  41$aBritish Library$bDSC$j6067.719500$ino. 14110
=856  41$uhttp://papers.nber.org/papers/14110$zConnect to electronic version
=ACF  \\$aBritish Library not licensed to copy$c0$e01-oct-2013$hC$iCFP Excluded$5Uk
=CAT  \\$a7164$b40$c20080721$lBLL01$h1048
=CAT  \\$aBATCH$b00$c20091217$lBLL01$h0531
=CAT  \\$aBATCH$b00$c20100103$lBLL01$h1323
=CAT  \\$aBATCH-UPD$b00$c20101101$lBLL01$h0006
=CAT  \\$aBATCH-CLA$b00$c20130527$lBLL01$h0131
=CAT  \\$aBATCH-CLA$b00$c20130630$lBLL01$h1630
=CAT  \\$aIPL-CLA$c20130701$lBLL01$h0123
=CAT  \\$aBATCH-CLA$b00$c20130702$lBLL01$h0202
=CAT  \\$aBATCH-CLA$b00$c20130929$lBLL01$h1619
=CAT  \\$aIPL-CLA$c20130930$lBLL01$h1800
=CAT  \\$aBATCH-CLA$b00$c20131202$lBLL01$h0332
=CAT  \\$aIPL-CLA$c20140101$lBLL01$h0057
=CAT  \\$aBATCH-CLA$b00$c20140327$lBLL01$h1829
=CAT  \\$aIPL-CLA$c20140331$lBLL01$h1634
=CAT  \\$aBATCH-UPD$b00$c20180916$lBLL01$h2047
=CAT  \\$aBATCH-CLA$b00$c20180917$lBLL01$h0102
=CAT  \\$aW2308-1659$c20230923$lBLL01$h1126
=CAT  \\$aBATCH-CLA$b00$c20230924$lBLL01$h0649
=CFI  0\$aBritish Library not licensed to copy$c0$e01-apr-2014$hC$iCFP Excluded$5Uk
=FIN  \\$aY$d20080721
=FMT  \\$a  BK
=LAS  \\$aBATCH-CLA$b00$c20230924$lBLL01$h0649
=SID  \\$aZ39$bOCLC
=TCO  \\$aTRS$bCCC$c008

