=LDR  03736cam a22006497a 4500
=001  014672541
=003  Uk
=005  20230924064937.0
=008  080716s2008\\\\maua\\\\\b\\\\000\0\eng\d
=035  \\$a(OCoLC)234085481
=040  \\$aGUL$cGUL$dUk
=042  \\$aukblderived
=043  \\$an-us---
=100  1\$aGustman, Alan L.
=245  10$aHow changes in Social Security affect recent retirement trends /$cAlan L. Gustman, Thomas Steinmeier.
=260  \\$aCambridge, Mass. :$bNational Bureau of Economic Research,$c2008.
=300  \\$a31 p. :$bill. ;$c22 cm.
=336  \\$atext$2rdacontent
=337  \\$aunmediated$2rdamedia
=338  \\$avolume$2rdacarrier
=490  1\$aNBER working paper series ;$vno. 14105
=500  \\$a"June 2008."
=504  \\$aIncludes bibliographical references (p. 20).
=520  \\$aAccording to CPS data, men 65 to 69 were about six percentage points less likely to be retired in 2004 than in 1992. CPS and Health and Retirement Study (HRS) data indicate a corresponding difference of 3 percentage points between 1998 and 2004. Simulations with a structural retirement model suggest changes in Social Security rules between 1992 and 2004 increased full time work of 65 to 67 year old married men by a little under 2 percentage points, about a 9 percent increase, and increased their labor force participation by between 1.4 and 2.2 percentage points, or 2 to 4 percent, depending on age. Social Security changes account for about one sixth of the increase in labor force participation between 1998 and 2004, for married men ages 65 to 67. These rule changes encourage deferring retirement from long term jobs, returning to full time work after retiring, and increasing partial retirement. Although married men in their fifties decrease their participation in the labor force over this period, this is not due to changes in Social Security, but may reflect other factors, including changes in disability.
=530  \\$aAlso available in PDF from the NBER World Wide Web site (www.nber.org).
=540  \\$aBritish Library not licensed to copy$c0$5Uk
=650  \0$aRetirement$xEconomic aspects$zUnited States.
=650  \0$aHusbands$xRetirement$xEconomic aspects$zUnited States.
=650  \0$aSocial security$zUnited States.
=700  1\$aSteinmeier, Thomas L.
=710  2\$aNational Bureau of Economic Research.
=830  \0$aWorking paper series (National Bureau of Economic Research) ;$vworking paper no. 14105.
=852  41$aBritish Library$bDSC$j6067.719500$ino. 14105
=856  41$uhttp://papers.nber.org/papers/14105$zConnect to electronic version
=ACF  \\$aBritish Library not licensed to copy$c0$e01-oct-2013$hC$iCFP Excluded$5Uk
=CAT  \\$a7164$b40$c20080721$lBLL01$h1120
=CAT  \\$a7164$b40$c20080721$lBLL01$h1130
=CAT  \\$aBATCH-CLA$b00$c20130527$lBLL01$h0131
=CAT  \\$aBATCH-CLA$b00$c20130630$lBLL01$h1630
=CAT  \\$aIPL-CLA$c20130701$lBLL01$h0123
=CAT  \\$aBATCH-CLA$b00$c20130702$lBLL01$h0202
=CAT  \\$aBATCH-CLA$b00$c20130929$lBLL01$h1619
=CAT  \\$aIPL-CLA$c20130930$lBLL01$h1800
=CAT  \\$aBATCH-CLA$b00$c20131202$lBLL01$h0332
=CAT  \\$aIPL-CLA$c20140101$lBLL01$h0057
=CAT  \\$aBATCH-CLA$b00$c20140327$lBLL01$h1829
=CAT  \\$aIPL-CLA$c20140331$lBLL01$h1634
=CAT  \\$aBATCH-UPD$b00$c20211217$lBLL01$h2101
=CAT  \\$aBATCH-CLA$b00$c20211218$lBLL01$h0139
=CAT  \\$aW2308-1659$c20230923$lBLL01$h1126
=CAT  \\$aBATCH-CLA$b00$c20230924$lBLL01$h0649
=CFI  0\$aBritish Library not licensed to copy$c0$e01-apr-2014$hC$iCFP Excluded$5Uk
=FIN  \\$aY$d20080721
=FMT  \\$a  BK
=LAS  \\$aBATCH-CLA$b00$c20230924$lBLL01$h0649
=SID  \\$aZ39$bOCLC
=TCO  \\$aTRS$bCCC$c008

