=LDR  03406cam a22006857a 4500
=001  014701336
=003  Uk
=005  20230924064937.0
=008  080808s2008\\\\maua\\\\\b\\\\000\0\eng\d
=035  \\$a(OCoLC)241310870
=040  \\$aGUL$cGUL$dUk
=042  \\$aukblderived
=043  \\$an-us-ks
=100  1\$aGerber, Alan S.
=245  14$aThe persuasive effects of direct mail :$ba regression discontinuity approach /$cAlan Gerber, Daniel Kessler, Marc Meredith.
=260  \\$aCambridge, Mass. :$bNational Bureau of Economic Research,$cc2008.
=300  \\$a35 p. :$bill. ;$c22 cm.
=336  \\$atext$2rdacontent
=337  \\$aunmediated$2rdamedia
=338  \\$avolume$2rdacarrier
=490  1\$aNBER working paper series ;$v14206
=500  \\$a"July 2008."
=504  \\$aIncludes bibliographical references (p. 25-27).
=520  \\$aDuring the contest for Kansas attorney general in 2006, an organization sent out 6 pieces of mail criticizing the incumbent's conduct in office. We exploit a discontinuity in the rule used to select which households received the mailings to identify the causal effect of mail on vote choice and voter turnout. We find these mailings had both a statistically and politically significant effect on the challenger's vote share. Our estimates suggest that a ten percentage point increase in the amount of mail sent to a precinct increased the challenger's vote share by approximately three percentage points. Furthermore, our results suggest that the mechanism for this increase was persuasion rather than mobilization.
=530  \\$aAlso available in PDF from the NBER World Wide Web site (www.nber.org).
=540  \\$aBritish Library not licensed to copy$c0$5Uk
=650  \0$aAdvertising, Direct-mail$xPolitical aspects.
=650  \0$aPolitical campaigns$zKansas.
=650  \0$aAttorneys general$zKansas$xElections.
=700  1\$aKessler, Daniel P.
=700  1\$aMeredith, Marc.
=710  2\$aNational Bureau of Economic Research.
=830  \0$aNBER working paper series ;$v14206
=852  41$aBritish Library$bDSC$j6067.719500$ino. 14206
=856  41$uhttp://papers.nber.org/papers/14206$zConnect to electronic version
=ACF  \\$aBritish Library not licensed to copy$c0$e01-oct-2013$hC$iCFP Excluded$5Uk
=CAT  \\$a10775$b40$c20080826$lBLL01$h1139
=CAT  \\$a8980$b40$c20080828$lBLL01$h0834
=CAT  \\$aBATCH$b00$c20091217$lBLL01$h0534
=CAT  \\$aBATCH$b00$c20100103$lBLL01$h1325
=CAT  \\$aBATCH-CLA$b00$c20130527$lBLL01$h0131
=CAT  \\$aBATCH-CLA$b00$c20130630$lBLL01$h1630
=CAT  \\$aIPL-CLA$c20130701$lBLL01$h0123
=CAT  \\$aBATCH-CLA$b00$c20130702$lBLL01$h0202
=CAT  \\$aBATCH-CLA$b00$c20130929$lBLL01$h1619
=CAT  \\$aIPL-CLA$c20130930$lBLL01$h1800
=CAT  \\$aBATCH-CLA$b00$c20131202$lBLL01$h0333
=CAT  \\$aIPL-CLA$c20140101$lBLL01$h0059
=CAT  \\$aBATCH-CLA$b00$c20140327$lBLL01$h1829
=CAT  \\$aIPL-CLA$c20140331$lBLL01$h1634
=CAT  \\$aBATCH-UPD$b00$c20171216$lBLL01$h1714
=CAT  \\$aBATCH-CLA$b00$c20171217$lBLL01$h0114
=CAT  \\$aW2308-1659$c20230923$lBLL01$h1128
=CAT  \\$aBATCH-CLA$b00$c20230924$lBLL01$h0649
=CFI  0\$aBritish Library not licensed to copy$c0$e01-apr-2014$hC$iCFP Excluded$5Uk
=FIN  \\$aY$d20080826
=FMT  \\$a  BK
=LAS  \\$aBATCH-CLA$b00$c20230924$lBLL01$h0649
=SID  \\$aZ39$bOCLC
=TCO  \\$aTRS$bCCC$c008

