=LDR  03608cam a22006977a 4500
=001  014701458
=003  Uk
=005  20230924064937.0
=008  080806s2008\\\\maua\\\\\b\\\\000\0\eng\d
=035  \\$a(OCoLC)239407134
=040  \\$aGUL$cGUL$dUk
=042  \\$aukblderived
=043  \\$ae-uk---
=100  1\$aFullerton, Don.
=245  10$aEnvironmental taxes /$cDon Fullerton, Andrew Leicester, Stephen Smith.
=260  \\$aCambridge, Mass. :$bNational Bureau of Economic Research,$c2008.
=300  \\$a59 p. :$bill. ;$c22 cm.
=336  \\$atext$2rdacontent
=337  \\$aunmediated$2rdamedia
=338  \\$avolume$2rdacarrier
=490  1\$aNBER working paper series ;$v14197
=500  \\$a"July 2008."
=504  \\$aIncludes bibliographical references (p. 53-59).
=520  \\$aThis chapter provides an overview of key economic issues in the use of taxation as an instrument of environmental policy in the UK. It first reviews economic arguments for using taxes and other market mechanisms in environmental policy, discusses the choice of tax base, and considers the value of the revenue from environmental taxes. It is argued that environmental tax revenues do not significantly alter economic constraints on tax policy, and that environmental taxes need to be justified primarily by the cost-effective achievement of environmental goals. The chapter then assesses key areas where environmental taxes appear to have significant potential - including taxes on energy used by industry and households, road transport, aviation, and waste. In some of these areas, efficient environmental tax design needs to make use of a number of taxes in combination - a "multi-part instrument".
=530  \\$aAlso available in PDF from the NBER World Wide Web site (www.nber.org).
=540  \\$aBritish Library not licensed to copy$c0$5Uk
=650  \0$aEnvironmental impact charges$zGreat Britain.
=700  1\$aLeicester, Andrew,$d1980-
=700  1\$aSmith, Stephen,$d1955 November 25-
=710  2\$aNational Bureau of Economic Research.
=830  \0$aNBER working paper series ;$v14197
=852  41$aBritish Library$bDSC$j6067.719500$ino.14197
=856  41$uhttp://papers.nber.org/papers/14197$zConnect to electronic version
=985  \\$aRecord amended for WR# 13/070
=ACF  \\$aBritish Library not licensed to copy$c0$e01-oct-2013$hC$iCFP Excluded$5Uk
=CAT  \\$a9504$b40$c20080826$lBLL01$h1352
=CAT  \\$a9504$b40$c20080826$lBLL01$h1359
=CAT  \\$a8980$b40$c20080828$lBLL01$h0949
=CAT  \\$aBATCH$b00$c20091217$lBLL01$h0534
=CAT  \\$aBATCH$b00$c20100103$lBLL01$h1325
=CAT  \\$aWR13_070$b00$c20130504$lBLL01$h0305
=CAT  \\$aBATCH-CLA$b00$c20130527$lBLL01$h0131
=CAT  \\$aBATCH-CLA$b00$c20130630$lBLL01$h1630
=CAT  \\$aIPL-CLA$c20130701$lBLL01$h0123
=CAT  \\$aBATCH-CLA$b00$c20130702$lBLL01$h0202
=CAT  \\$aBATCH-CLA$b00$c20130929$lBLL01$h1619
=CAT  \\$aIPL-CLA$c20130930$lBLL01$h1800
=CAT  \\$aBATCH-CLA$b00$c20131202$lBLL01$h0333
=CAT  \\$aIPL-CLA$c20140101$lBLL01$h0059
=CAT  \\$aBATCH-CLA$b00$c20140327$lBLL01$h1829
=CAT  \\$aIPL-CLA$c20140331$lBLL01$h1634
=CAT  \\$aBATCH-UPD$b00$c20211217$lBLL01$h2102
=CAT  \\$aBATCH-CLA$b00$c20211218$lBLL01$h0139
=CAT  \\$aW2308-1659$c20230923$lBLL01$h1128
=CAT  \\$aBATCH-CLA$b00$c20230924$lBLL01$h0649
=CFI  0\$aBritish Library not licensed to copy$c0$e01-apr-2014$hC$iCFP Excluded$5Uk
=FIN  \\$aY$d20080826
=FMT  \\$a  BK
=LAS  \\$aBATCH-CLA$b00$c20230924$lBLL01$h0649
=SID  \\$aZ39$bOCLC
=TCO  \\$aTRS$bCCC$c008

