=LDR  03399cam a22006257a 4500
=001  015300554
=003  Uk
=005  20230924064939.0
=008  090619s2009\\\\mauk\\\\\b\\\\000\0\eng\d
=035  \\$a(OCoLC)403948346
=040  \\$aLOL$cLOL
=042  \\$aukblderived
=100  1\$aMetcalf, Gilbert E.
=245  10$aTax policies for low-carbon technologies /$cGilbert E. Metcalf.
=260  \\$aCambridge, Mass. :$bNational Bureau of Economic Research,$cc2009.
=300  \\$a27 p. :$btables ;$c21 cm.
=336  \\$atext$2rdacontent
=337  \\$aunmediated$2rdamedia
=338  \\$avolume$2rdacarrier
=490  1\$aNBER working paper series ;$vno. 15054
=500  \\$a"June 2009".
=504  \\$aIncludes bibliographical references (p. 26-27).
=520  \\$aThe U.S. tax code provides a number of subsidies for low-carbon technologies. I discuss the difficulties of achieving key policy goals with subsidies as opposed to using taxes to raise the price of pollution-related activities. In particular, subsidies lower the cost of energy (on average) rather than raising it. Thus consumer demand responses work at cross purposes to the goal of reducing emissions (especially as average cost pricing is used for electricity). Second, it is difficult to achieve technology neutrality with subsidies - here defined as an equal subsidy cost per ton of CO2 avoided. Third, many subsidies are inframarginal. Finally, subsidies often suffer from unintended interactions with other policies. I conclude with some observations on the use of price-based instruments. In particular I discuss how a carbon tax could be designed to achieve environmental goals of emission caps over a control period.
=540  \\$aBritish Library not licensed to copy$c0$5Uk
=650  \0$aGreen technology$xSubsidies.
=650  \0$aGreenhouse gas mitigation$xEconomic aspects.
=650  \0$aCarbon taxes.
=710  2\$aNational Bureau of Economic Research.
=830  \0$aWorking paper series (National Bureau of Economic Research) ;$vno. 15054.
=852  41$aBritish Library$bDSC$j6067.719500$ino.15054
=856  4\$uhttp://papers.nber.org/papers/15054$zAn electronic book accessible through the World Wide Web; click for information
=856  40$uhttp://www.nber.org/papers/w15054
=ACF  \\$aBritish Library not licensed to copy$c0$e01-oct-2013$hC$iCFP Excluded$5Uk
=CAT  \\$a9504$b40$c20090629$lBLL01$h1442
=CAT  \\$a9504$b40$c20090629$lBLL01$h1443
=CAT  \\$aBATCH-CLA$b00$c20130527$lBLL01$h0131
=CAT  \\$aBATCH-CLA$b00$c20130630$lBLL01$h1630
=CAT  \\$aIPL-CLA$c20130701$lBLL01$h0130
=CAT  \\$aBATCH-CLA$b00$c20130702$lBLL01$h0202
=CAT  \\$aBATCH-CLA$b00$c20130929$lBLL01$h1619
=CAT  \\$aIPL-CLA$c20130930$lBLL01$h1804
=CAT  \\$aBATCH-CLA$b00$c20131202$lBLL01$h0335
=CAT  \\$aIPL-CLA$c20140101$lBLL01$h0119
=CAT  \\$aBATCH-CLA$b00$c20140327$lBLL01$h1830
=CAT  \\$aIPL-CLA$c20140331$lBLL01$h1636
=CAT  \\$aBATCH-UPD$b00$c20180916$lBLL01$h2047
=CAT  \\$aBATCH-CLA$b00$c20180917$lBLL01$h0102
=CAT  \\$aW2308-1659$c20230923$lBLL01$h1043
=CAT  \\$aBATCH-CLA$b00$c20230924$lBLL01$h0649
=CFI  0\$aBritish Library not licensed to copy$c0$e01-apr-2014$hC$iCFP Excluded$5Uk
=FIN  \\$aY$d20090629
=FMT  \\$a  BK
=LAS  \\$aBATCH-CLA$b00$c20230924$lBLL01$h0649
=SID  \\$aZ39$bOCLC
=TCO  \\$aTRS$bCCC$c008

