=LDR  03486cam a22006377a 4500
=001  015300674
=003  Uk
=005  20230924064939.0
=008  090617s2009\\\\maua\\\\\b\\\\000\0\eng\d
=035  \\$a(OCoLC)401753086
=040  \\$aLOL$cLOL$dUk
=042  \\$aukblderived
=043  \\$an-us---
=100  1\$aSaez, Emmanuel.
=245  14$aThe elasticity of taxable income with respect to marginal tax rates :$ba critical review /$cEmmanuel Saez, Joel B. Slemrod, Seth H. Giertz.
=260  \\$aCambridge, Mass. :$bNational Bureau of Economic Research,$cc2009.
=300  \\$a72, [5] p. :$bill. ;$c22 cm.
=336  \\$atext$2rdacontent
=337  \\$aunmediated$2rdamedia
=338  \\$avolume$2rdacarrier
=490  1\$aNBER working paper series ;$vno. 15012
=500  \\$a"May 2009".
=504  \\$aIncludes bibliographical references (p. 66-72).
=520  \\$aThis paper critically surveys the large and growing literature estimating the elasticity of taxable income with respect to marginal tax rates (ETI) using tax return data. First, we provide a theoretical framework showing under what assumptions this elasticity can be used as a sufficient statistic for efficiency and optimal tax analysis. We discuss what other parameters should be estimated when the elasticity is not a sufficient statistic. Second, we discuss conceptually the key issues that arise in the empirical estimation of the elasticity of taxable income using the example of the 1993 top individual income tax rate increase in the United States to illustrate those issues. Third, we provide a critical discussion of most of the taxable income elasticities studies to date, both in the United States and abroad, in light of the theoretical and empirical framework we laid out. Finally, we discuss avenues for future research.
=540  \\$aBritish Library not licensed to copy$c0$5Uk
=650  \0$aElasticity (Economics)
=650  \0$aIncome tax$xEconometric models.
=650  \0$aIncome tax$zUnited States$xEconometric models.
=700  1\$aSlemrod, Joel.
=700  1\$aGiertz, Seth H.
=710  2\$aNational Bureau of Economic Research.
=830  \0$aWorking paper series (National Bureau of Economic Research) ;$vno. 15012.
=852  41$aBritish Library$bDSC$j6067.719500$ino.15012
=856  4\$uhttp://papers.nber.org/papers/15012$zAn electronic book accessible through the World Wide Web; click for information
=856  40$uhttp://www.nber.org/papers/w15012
=ACF  \\$aBritish Library not licensed to copy$c0$e01-oct-2013$hC$iCFP Excluded$5Uk
=CAT  \\$a9504$b40$c20090629$lBLL01$h1551
=CAT  \\$aBATCH-CLA$b00$c20130527$lBLL01$h0131
=CAT  \\$aBATCH-CLA$b00$c20130630$lBLL01$h1630
=CAT  \\$aIPL-CLA$c20130701$lBLL01$h0130
=CAT  \\$aBATCH-CLA$b00$c20130702$lBLL01$h0202
=CAT  \\$aBATCH-CLA$b00$c20130929$lBLL01$h1619
=CAT  \\$aIPL-CLA$c20130930$lBLL01$h1804
=CAT  \\$aBATCH-CLA$b00$c20131202$lBLL01$h0335
=CAT  \\$aIPL-CLA$c20140101$lBLL01$h0119
=CAT  \\$aBATCH-CLA$b00$c20140327$lBLL01$h1830
=CAT  \\$aIPL-CLA$c20140331$lBLL01$h1636
=CAT  \\$aBATCH-UPD$b00$c20160702$lBLL01$h1723
=CAT  \\$aW2308-1659$c20230923$lBLL01$h1043
=CAT  \\$aBATCH-CLA$b00$c20230924$lBLL01$h0649
=CFI  0\$aBritish Library not licensed to copy$c0$e01-apr-2014$hC$iCFP Excluded$5Uk
=FIN  \\$aY$d20090629
=FMT  \\$a  BK
=LAS  \\$aBATCH-CLA$b00$c20230924$lBLL01$h0649
=SID  \\$aZ39$bOCLC
=TCO  \\$aTRS$bCCC$c008

