=LDR  04050cam a22006017a 4500
=001  015303979
=003  Uk
=005  20230924064939.0
=008  090619s2009\\\\mauk\\\\\b\\\\000\0\eng\d
=035  \\$a(OCoLC)403948363
=040  \\$aLOL$cLOL$dUk
=042  \\$aukblderived
=100  1\$aMeer, Jonathan.
=245  14$aThe ABCs of charitable solicitation /$cJonathan Meer, Harvey S. Rosen.
=260  \\$aCambridge, Mass. :$bNational Bureau of Economic Research,$c2009.
=300  \\$a34 p. :$btables ;$c22 cm.
=336  \\$atext$2rdacontent
=337  \\$aunmediated$2rdamedia
=338  \\$avolume$2rdacarrier
=490  1\$aNBER working paper series ;$vno. 15037
=500  \\$a"June 2009".
=504  \\$aIncludes bibliographical references (p. 22-24).
=520  \\$aA substantial experimental literature suggests that a personal solicitation is an effective way to induce people to make charitable donations. We examine whether this result generalizes to a non-experimental setting. Specifically, we estimate the effect of a marginal personal solicitation using observational data on alumni giving at an anonymous research university, which we refer to as Anon U. At Anon U, volunteers use lists provided by the Development Office to telephone classmates and solicit them for donations. The names on these lists are always in alphabetical order. The volunteers who do the soliciting often run out of time before they reach the end of their lists. These observations suggest a simple strategy for testing whether personal solicitation matters, viz., examine whether alumni with names toward the end of the alphabet are less likely to give than alumni with names toward the beginning, ceteris paribus. If so, then a marginal personal solicitation matters. Our main finding is that location in the alphabet - and hence, a personal solicitation - has a strong effect on probability of making a gift. A rough estimate of the elasticity of the probability of giving with respect to the probability of receiving a personal solicitation is 0.15. However, there is no statistically discernible effect on the amount given, conditional on donating. We also find that women respond more strongly to a personal solicitation than men. This is consistent with a robust result in the psychology literature, that women find it more difficult than men to refuse requests that they perceive as being legitimate.
=540  \\$aBritish Library not licensed to copy$c0$5Uk
=650  \0$aCharities$xSocial aspects.
=650  \0$aUniversities and colleges$xAlumni and alumnae$xCharitable contributions$xSocial aspects.
=700  1\$aRosen, Harvey S.
=710  2\$aNational Bureau of Economic Research.
=830  \0$aWorking paper series (National Bureau of Economic Research) ;$vno. 15037.
=852  41$aBritish Library$bDSC$j6067.719500$ino. 15037
=856  4\$uhttp://papers.nber.org/papers/15037$zAn electronic book accessible through the World Wide Web; click for information
=856  40$uhttp://www.nber.org/papers/w15037
=ACF  \\$aBritish Library not licensed to copy$c0$e01-oct-2013$hC$iCFP Excluded$5Uk
=CAT  \\$a7164$b40$c20090701$lBLL01$h1636
=CAT  \\$aBATCH-CLA$b00$c20130527$lBLL01$h0131
=CAT  \\$aBATCH-CLA$b00$c20130630$lBLL01$h1630
=CAT  \\$aIPL-CLA$c20130701$lBLL01$h0130
=CAT  \\$aBATCH-CLA$b00$c20130702$lBLL01$h0202
=CAT  \\$aBATCH-CLA$b00$c20130929$lBLL01$h1619
=CAT  \\$aIPL-CLA$c20130930$lBLL01$h1804
=CAT  \\$aBATCH-CLA$b00$c20131202$lBLL01$h0335
=CAT  \\$aIPL-CLA$c20140101$lBLL01$h0119
=CAT  \\$aBATCH-CLA$b00$c20140327$lBLL01$h1830
=CAT  \\$aIPL-CLA$c20140331$lBLL01$h1636
=CAT  \\$aBATCH-UPD$b00$c20171208$lBLL01$h2031
=CAT  \\$aW2308-1659$c20230923$lBLL01$h1043
=CAT  \\$aBATCH-CLA$b00$c20230924$lBLL01$h0649
=CFI  0\$aBritish Library not licensed to copy$c0$e01-apr-2014$hC$iCFP Excluded$5Uk
=FIN  \\$aY$d20090701
=FMT  \\$a  BK
=LAS  \\$aBATCH-CLA$b00$c20230924$lBLL01$h0649
=SID  \\$aZ39$bOCLC
=TCO  \\$aTRS$bCCC$c008

