=LDR  03626cam a22006377a 4500
=001  015304136
=003  Uk
=005  20230924064939.0
=008  090617s2009\\\\maua\\\\\b\\\\000\0\eng\d
=035  \\$a(OCoLC)401745214
=040  \\$aLOL$cLOL$dUk
=042  \\$aukblderived
=043  \\$an-us---
=100  1\$aDharmapala, Dhammika$q(Anurudha Udeni Dhammika)
=245  10$aWatch what I do, not what I say :$bthe unintended consequences of the Homeland Investment Act /$cDhammika Dharmapala, C. Fritz Foley, Kristin J. Forbes.
=260  \\$aCambridge, Mass. :$bNational Bureau of Economic Research,$c2009.
=300  \\$a32, [11] p. :$bill. ;$c22 cm.
=336  \\$atext$2rdacontent
=337  \\$aunmediated$2rdamedia
=338  \\$avolume$2rdacarrier
=490  1\$aNBER working paper series ;$vno. 15023
=500  \\$a"June 2009".
=504  \\$aIncludes bibliographical references (p. 29-32).
=520  \\$aThis paper analyzes the impact on firm behavior of the Homeland Investment Act of 2004, which provided a one-time tax holiday for the repatriation of foreign earnings by U.S. multinationals. The analysis controls for endogeneity and omitted variable bias by using instruments that identify the firms likely to receive the largest tax benefits from the holiday. Repatriations did not lead to an increase in domestic investment, employment or R&D -- even for the firms that lobbied for the tax holiday stating these intentions and for firms that appeared to be financially constrained. Instead, a {dollar}1 increase in repatriations was associated with an increase of almost {dollar}1 in payouts to shareholders. These results suggest that the domestic operations of U.S. multinationals were not financially constrained and that these firms were reasonably well-governed. The results have important implications for understanding the impact of U.S. corporate tax policy on multinational firms.
=540  \\$aBritish Library not licensed to copy$c0$5Uk
=610  10$aUnited States.$tAmerican Jobs Creation Act of 2004.
=650  \0$aInternational business enterprises$xTaxation$zUnited States.
=700  1\$aFoley, C. Fritz.
=700  1\$aForbes, Kristin.
=710  2\$aNational Bureau of Economic Research.
=830  \0$aWorking paper series (National Bureau of Economic Research) ;$vno. 15023.
=852  41$aBritish Library$bDSC$j6067.719500$ino. 15023
=856  4\$uhttp://papers.nber.org/papers/15023$zAn electronic book accessible through the World Wide Web; click for information
=856  40$uhttp://www.nber.org/papers/w15023
=ACF  \\$aBritish Library not licensed to copy$c0$e01-oct-2013$hC$iCFP Excluded$5Uk
=CAT  \\$a7164$b40$c20090702$lBLL01$h1013
=CAT  \\$aBATCH-CLA$b00$c20130527$lBLL01$h0131
=CAT  \\$aBATCH-CLA$b00$c20130630$lBLL01$h1630
=CAT  \\$aIPL-CLA$c20130701$lBLL01$h0130
=CAT  \\$aBATCH-CLA$b00$c20130702$lBLL01$h0202
=CAT  \\$aBATCH-CLA$b00$c20130929$lBLL01$h1619
=CAT  \\$aIPL-CLA$c20130930$lBLL01$h1804
=CAT  \\$aBATCH-CLA$b00$c20131202$lBLL01$h0335
=CAT  \\$aIPL-CLA$c20140101$lBLL01$h0119
=CAT  \\$aBATCH-CLA$b00$c20140327$lBLL01$h1830
=CAT  \\$aIPL-CLA$c20140331$lBLL01$h1636
=CAT  \\$aBATCH-UPD$b00$c20181127$lBLL01$h2148
=CAT  \\$aBATCH-CLA$b00$c20181128$lBLL01$h0141
=CAT  \\$aW2308-1659$c20230923$lBLL01$h1043
=CAT  \\$aBATCH-CLA$b00$c20230924$lBLL01$h0649
=CFI  0\$aBritish Library not licensed to copy$c0$e01-apr-2014$hC$iCFP Excluded$5Uk
=FIN  \\$aY$d20090702
=FMT  \\$a  BK
=LAS  \\$aBATCH-CLA$b00$c20230924$lBLL01$h0649
=SID  \\$aZ39$bOCLC
=TCO  \\$aTRS$bCCC$c008

