=LDR  03613cam a22006257a 4500
=001  015304388
=003  Uk
=005  20230924064939.0
=008  090617s2009\\\\maub\\\\\b\\\\000\0\eng\d
=035  \\$a(OCoLC)401745233
=040  \\$aLOL$cLOL$dUk
=042  \\$aukblderived
=043  \\$an-us---
=100  1\$aSigman, Hilary,$d1964-
=245  10$aEnvironmental liability and redevelopment of old industrial land /$cHilary Sigman.
=260  \\$aCambridge, Mass. :$bNational Bureau of Economic Research,$c2009.
=300  \\$a20 p. :$bmap ;$c22 cm.
=336  \\$atext$2rdacontent
=337  \\$aunmediated$2rdamedia
=338  \\$avolume$2rdacarrier
=490  1\$aNBER working paper series ;$vno. 15017
=500  \\$a"May 2009".
=504  \\$aIncludes bibliographical references (p. 19-20).
=520  \\$aMany communities are concerned about the reuse of potentially contaminated land ("brownfields") and believe that environmental liability is a hindrance to redevelopment. However, with land price adjustments, liability might not impede the reuse of this land. Existing literature has found price reductions in response to liability, but few studies have looked for an effect on vacancies. This paper studies variations in state liability rules -- specifically, strict liability and joint and several liability -- that affect the level and distribution of expected private cleanup costs. It explores the effects of this variation on industrial land prices and vacancy rates and on reported brownfields in a panel of cities across the United States. In the estimated equations, joint and several liability reduces land prices and increases vacancy rates in central cities. Neither a price nor quantity effect is estimated from strict liability. The results suggest that liability is at least partly capitalized, but does still deter redevelopment.
=540  \\$aBritish Library not licensed to copy$c0$5Uk
=650  \0$aLiability for environmental damages$xEconomic aspects$zUnited States.
=650  \0$aBrownfields$xPrices$zUnited States$xEconometric models.
=650  \0$aReal estate development$zUnited States$xEconometric models.
=710  2\$aNational Bureau of Economic Research.
=830  \0$aWorking paper series (National Bureau of Economic Research) ;$vno. 15017.
=852  41$aBritish Library$bDSC$j6067.719500$ino. 15017
=856  4\$uhttp://papers.nber.org/papers/15017$zAn electronic book accessible through the World Wide Web; click for information
=856  40$uhttp://www.nber.org/papers/w15017
=ACF  \\$aBritish Library not licensed to copy$c0$e01-oct-2013$hC$iCFP Excluded$5Uk
=CAT  \\$a7164$b40$c20090702$lBLL01$h1322
=CAT  \\$aBATCH-CLA$b00$c20130527$lBLL01$h0131
=CAT  \\$aBATCH-CLA$b00$c20130630$lBLL01$h1630
=CAT  \\$aIPL-CLA$c20130701$lBLL01$h0130
=CAT  \\$aBATCH-CLA$b00$c20130702$lBLL01$h0202
=CAT  \\$aBATCH-CLA$b00$c20130929$lBLL01$h1619
=CAT  \\$aIPL-CLA$c20130930$lBLL01$h1804
=CAT  \\$aBATCH-CLA$b00$c20131202$lBLL01$h0335
=CAT  \\$aIPL-CLA$c20140101$lBLL01$h0119
=CAT  \\$aBATCH-CLA$b00$c20140327$lBLL01$h1830
=CAT  \\$aIPL-CLA$c20140331$lBLL01$h1636
=CAT  \\$aBATCH-UPD$b00$c20211217$lBLL01$h2105
=CAT  \\$aBATCH-CLA$b00$c20211218$lBLL01$h0139
=CAT  \\$aW2308-1659$c20230923$lBLL01$h1043
=CAT  \\$aBATCH-CLA$b00$c20230924$lBLL01$h0649
=CFI  0\$aBritish Library not licensed to copy$c0$e01-apr-2014$hC$iCFP Excluded$5Uk
=FIN  \\$aY$d20090702
=FMT  \\$a  BK
=LAS  \\$aBATCH-CLA$b00$c20230924$lBLL01$h0649
=SID  \\$aZ39$bOCLC
=TCO  \\$aTRS$bCCC$c008

