=LDR  03127cam a22006137a 4500
=001  015304418
=003  Uk
=005  20230924064939.0
=008  090617s2009\\\\maua\\\\\b\\\\000\0\eng\d
=035  \\$a(OCoLC)401745055
=040  \\$aLOL$cLOL$dUk
=042  \\$aukblderived
=100  1\$aRazin, Assaf.
=245  10$aMigration-regime liberalization and social security :$bpolitical-economy effect /$cAssaf Razin, Edith Sand.
=260  \\$aCambridge, Mass. :$bNational Bureau of Economic Research,$c2009.
=300  \\$a10 p. :$bill. ;$c22 cm.
=336  \\$atext$2rdacontent
=337  \\$aunmediated$2rdamedia
=338  \\$avolume$2rdacarrier
=490  1\$aNBER working paper series ;$vno. 15013
=500  \\$a"May 2009".
=504  \\$aIncludes bibliographical references.
=520  \\$aThe pay-as-you-go social security system, increasingly burdened by dwindling labor force, can benefit from immigrants whose birth rates exceed those of the native born birth. The paper examines adynamic political-economy mechanism through which the social security system influences the young decisive voter's attitudes in favor of a more liberal immigration regime. A Markov equilibrium with social security consists of a more liberal migration policy, than a corresponding equilibrium with no social security. Thus, the social security system effectively provides an incentive to liberalize migration policy through a political-economy mechanism.
=540  \\$aBritish Library not licensed to copy$c0$5Uk
=650  \0$aSocial security$xPolitical aspects.
=650  \0$aEmigration and immigration$xGovernment policy$xEconomic aspects.
=700  1\$aSand, Edith.
=710  2\$aNational Bureau of Economic Research.
=830  \0$aWorking paper series (National Bureau of Economic Research) ;$vno. 15013.
=852  41$aBritish Library$bDSC$j6067.719500$ino. 15013
=856  4\$uhttp://papers.nber.org/papers/15013$zAn electronic book accessible through the World Wide Web; click for information
=856  40$uhttp://www.nber.org/papers/w15013
=ACF  \\$aBritish Library not licensed to copy$c0$e01-oct-2013$hC$iCFP Excluded$5Uk
=CAT  \\$a7164$b40$c20090702$lBLL01$h1335
=CAT  \\$aBATCH-CLA$b00$c20130527$lBLL01$h0131
=CAT  \\$aBATCH-CLA$b00$c20130630$lBLL01$h1630
=CAT  \\$aIPL-CLA$c20130701$lBLL01$h0130
=CAT  \\$aBATCH-CLA$b00$c20130702$lBLL01$h0202
=CAT  \\$aBATCH-CLA$b00$c20130929$lBLL01$h1619
=CAT  \\$aIPL-CLA$c20130930$lBLL01$h1804
=CAT  \\$aBATCH-CLA$b00$c20131202$lBLL01$h0335
=CAT  \\$aIPL-CLA$c20140101$lBLL01$h0119
=CAT  \\$aBATCH-CLA$b00$c20140327$lBLL01$h1830
=CAT  \\$aIPL-CLA$c20140331$lBLL01$h1636
=CAT  \\$aBATCH-UPD$b00$c20211217$lBLL01$h2105
=CAT  \\$aBATCH-CLA$b00$c20211218$lBLL01$h0139
=CAT  \\$aW2308-1659$c20230923$lBLL01$h1043
=CAT  \\$aBATCH-CLA$b00$c20230924$lBLL01$h0649
=CFI  0\$aBritish Library not licensed to copy$c0$e01-apr-2014$hC$iCFP Excluded$5Uk
=FIN  \\$aY$d20090702
=FMT  \\$a  BK
=LAS  \\$aBATCH-CLA$b00$c20230924$lBLL01$h0649
=SID  \\$aZ39$bOCLC
=TCO  \\$aTRS$bCCC$c008

