=LDR  03476cam a22006377a 4500
=001  015339885
=003  Uk
=005  20230924064939.0
=008  090730s2009\\\\maua\\\\\b\\\\000\0\eng\d
=035  \\$a(OCoLC)428731752
=040  \\$aLOL$cLOL$dUk
=042  \\$aukblderived
=043  \\$an-us---
=100  1\$aBlume-Kohout, Margaret E.
=245  10$aFederal life sciences funding and university R&D /$cMargaret E. Blume-Kohout, Krishna B. Kumar, Neeraj Sood.
=260  \\$aCambridge, Mass. :$bNational Bureau of Economic Research,$cc2009.
=300  \\$a1 v. :$bill. ;$c21 cm.
=336  \\$atext$2rdacontent
=337  \\$aunmediated$2rdamedia
=338  \\$avolume$2rdacarrier
=490  0\$aWorking paper series (National Bureau of Economic Research) ;$vno. 15146
=500  \\$a"July 2009"
=504  \\$aIncludes bibliographical references.
=520  \\$aThis paper investigates the impact of federal extramural research funding on total expenditures for life sciences research and development (R&D) at U.S. universities, to determine whether federal R&D funding spurs funding from non-federal (private and state/local government) sources. We use a fixed effects instrumental variable approach to estimate the causal effect of federal funding on non-federal funding. Our results indicate that a dollar increase in federal funding leads to a {dollar}0.33 increase in non-federal funding at U.S. universities. Our evidence also suggests that successful applications for federal funding may be interpreted by non-federal funders as a signal of recipient quality: for example, non-PhD-granting universities, lower ranked universities and those that have historically received less funding experience greater increases in non-federal funding per federal dollar received.
=540  \\$aBritish Library not licensed to copy$c0$5Uk
=650  \0$aFederal aid to research$zUnited States.
=650  \0$aLife sciences$xResearch$zUnited States$xFinance.
=700  1\$aKumar, Krishna B.
=700  1\$aSood, Neeraj.
=710  2\$aNational Bureau of Economic Research.
=830  \0$aWorking paper series (National Bureau of Economic Research) ;$vno. 15146.
=852  41$aBritish Library$bDSC$j6067.719500$ino. 15146
=856  4\$uhttp://papers.nber.org/papers/15146$zAn electronic book accessible through the World Wide Web; click for information
=856  40$uhttp://www.nber.org/papers/w15146
=ACF  \\$aBritish Library not licensed to copy$c0$e01-oct-2013$hC$iCFP Excluded$5Uk
=CAT  \\$a6098$b40$c20090803$lBLL01$h1028
=CAT  \\$aBATCH-CLA$b00$c20130527$lBLL01$h0131
=CAT  \\$aBATCH-CLA$b00$c20130630$lBLL01$h1630
=CAT  \\$aIPL-CLA$c20130701$lBLL01$h0130
=CAT  \\$aBATCH-CLA$b00$c20130702$lBLL01$h0202
=CAT  \\$aBATCH-CLA$b00$c20130929$lBLL01$h1619
=CAT  \\$aIPL-CLA$c20130930$lBLL01$h1804
=CAT  \\$aBATCH-CLA$b00$c20131202$lBLL01$h0335
=CAT  \\$aIPL-CLA$c20140101$lBLL01$h0120
=CAT  \\$aBATCH-CLA$b00$c20140327$lBLL01$h1830
=CAT  \\$aIPL-CLA$c20140331$lBLL01$h1636
=CAT  \\$aBATCH-UPD$b00$c20191218$lBLL01$h1620
=CAT  \\$aBATCH-CLA$b00$c20191219$lBLL01$h0106
=CAT  \\$aW2308-1659$c20230923$lBLL01$h1045
=CAT  \\$aBATCH-CLA$b00$c20230924$lBLL01$h0649
=CFI  0\$aBritish Library not licensed to copy$c0$e01-apr-2014$hC$iCFP Excluded$5Uk
=FIN  \\$aY$d20090803
=FMT  \\$a  BK
=LAS  \\$aBATCH-CLA$b00$c20230924$lBLL01$h0649
=SID  \\$aZ39$bOCLC
=TCO  \\$aTRS$bCCC$c008

