=LDR  03979cam a22006497a 4500
=001  015340927
=003  Uk
=005  20230924064940.0
=008  090724s2009\\\\maua\\\\\b\\\\000\0\eng\d
=035  \\$a(OCoLC)427652365
=040  \\$aLOL$cLOL$dUk
=042  \\$aukblderived
=043  \\$aa-cc---
=100  1\$aCai, Hongbin,$d1967-
=245  10$aChina's land market auctions :$bevidence of corruption /$cHongbin Cai, J. Vernon Henderson, Qinghua Zhang.
=260  \\$aCambridge, Mass. :$bNational Bureau of Economic Research,$cc2009.
=300  \\$a51 p. :$bill. ;$c22 cm.
=336  \\$atext$2rdacontent
=337  \\$aunmediated$2rdamedia
=338  \\$avolume$2rdacarrier
=490  1\$aNBER working paper series ;$vno. 15067
=500  \\$a"June 2009"
=504  \\$aIncludes bibliographical references (p. 42-43).
=520  \\$aThis paper studies the urban land market in China in 2003--2007. In China, all urban land is owned by the state. Leasehold use rights for land for (re)development are sold by city governments and are a key source of city revenue. Leasehold sales are viewed as a major venue for corruption, prompting a number of reforms over the years. Reforms now require all leasehold rights be sold at public auction. There are two main types of auction: regular English auction and an unusual type which we call a "two stage auction". The latter type of auction seems more subject to corruption, and to side deals between potential bidders and the auctioneer. Absent corruption, theory suggests that two stage auctions would most likely maximize sales revenue for properties which are likely to have relatively few bidders, or are "cold", which would suggest negative selection on property unobservables into such auctions. However, if such auctions are more corruptible, that could involve positive selection as city officials divert hotter properties to a more corruptible auction form. The paper finds that, overall, sales prices are lower for two stage auctions, and there is strong evidence of positive selection. The price difference is explained primarily by the fact that two stage auctions typically have just one bidder, or no competition despite the vibrant land market in Chinese cities.
=540  \\$aBritish Library not licensed to copy$c0$5Uk
=650  \0$aLand use, Urban$xCorrupt practices$zChina.
=650  \0$aAuctions$xCorrupt practices$zChina.
=650  \0$aReal property$xPrices$zChina.
=700  1\$aHenderson, J. Vernon.
=700  1\$aZhang, Qinghua,$d1971-
=710  2\$aNational Bureau of Economic Research.
=830  \0$aWorking paper series (National Bureau of Economic Research) ;$vno. 15067.
=852  41$aBritish Library$bDSC$j6067.719500$ino. 15067
=856  4\$uhttp://papers.nber.org/papers/15067$zAn electronic book accessible through the World Wide Web; click for information
=856  40$uhttp://www.nber.org/papers/w15067
=ACF  \\$aBritish Library not licensed to copy$c0$e01-oct-2013$hC$iCFP Excluded$5Uk
=CAT  \\$a6098$b40$c20090804$lBLL01$h1243
=CAT  \\$aBATCH-CLA$b00$c20130527$lBLL01$h0131
=CAT  \\$aBATCH-CLA$b00$c20130630$lBLL01$h1630
=CAT  \\$aIPL-CLA$c20130701$lBLL01$h0130
=CAT  \\$aBATCH-CLA$b00$c20130702$lBLL01$h0202
=CAT  \\$aBATCH-CLA$b00$c20130929$lBLL01$h1619
=CAT  \\$aIPL-CLA$c20130930$lBLL01$h1804
=CAT  \\$aBATCH-CLA$b00$c20131202$lBLL01$h0335
=CAT  \\$aIPL-CLA$c20140101$lBLL01$h0121
=CAT  \\$aBATCH-CLA$b00$c20140327$lBLL01$h1830
=CAT  \\$aIPL-CLA$c20140331$lBLL01$h1636
=CAT  \\$aBATCH-UPD$b00$c20210403$lBLL01$h1736
=CAT  \\$aBATCH-CLA$b00$c20210404$lBLL01$h0602
=CAT  \\$aW2308-1659$c20230923$lBLL01$h1045
=CAT  \\$aBATCH-CLA$b00$c20230924$lBLL01$h0649
=CFI  0\$aBritish Library not licensed to copy$c0$e01-apr-2014$hC$iCFP Excluded$5Uk
=FIN  \\$aY$d20090804
=FMT  \\$a  BK
=LAS  \\$aBATCH-CLA$b00$c20230924$lBLL01$h0649
=SID  \\$aZ39$bOCLC
=TCO  \\$aTRS$bCCC$c008

