=LDR  04070cam a22006617a 4500
=001  015340930
=003  Uk
=005  20230924064940.0
=008  090724s2009\\\\maua\\\\\b\\\\000\0\eng\d
=035  \\$a(OCoLC)427652772
=040  \\$aLOL$cLOL$dLOL$dUk
=042  \\$aukblderived
=043  \\$an-us---
=100  10$aChay, Kenneth Y.$q(Kenneth Young),$d1969-
=245  10$aBirth cohort and the black-white achievement gap :$bthe roles of access and health soon after birth /$cKenneth Y. Chay, Jonathan Guryan, Bhashkar Mazumder.
=260  \\$aCambridge, Mass. :$bNational Bureau of Economic Research,$cc2009.
=300  \\$a43, [29] :$bill. ;$c22 cm.
=336  \\$atext$2rdacontent
=337  \\$aunmediated$2rdamedia
=338  \\$avolume$2rdacarrier
=490  1\$aNBER working paper series ;$vno. 15078
=500  \\$a"June 2009"
=504  \\$aIncludes bibliographical references (p. 38-40).
=520  \\$aOne literature documents a significant, black-white gap in average test scores, while another finds a substantial narrowing of the gap during the 1980's, and stagnation in convergence after. We use two data sources -- the Long Term Trends NAEP and AFQT scores for the universe of applicants to the U.S. military between 1976 and 1991 -- to show: 1) the 1980's convergence is due to relative improvements across successive cohorts of blacks born between 1963 and the early 1970's and not a secular narrowing in the gap over time; and 2) the across-cohort gains were concentrated among blacks in the South. We then demonstrate that the timing and variation across states in the AFQT convergence closely tracks racial convergence in measures of health and hospital access in the years immediately following birth. We show that the AFQT convergence is highly correlated with post-neonatal mortality rates and not with neonatal mortality and low birth weight rates, and that this result cannot be explained by schooling desegregation and changes in family background. We conclude that investments in health through increased access at very early ages have large, long-term effects on achievement, and that the integration of hospitals during the 1960's affected the test performance of black teenagers in the 1980's.
=540  \\$aBritish Library not licensed to copy$c0$5Uk
=650  \0$aAcademic achievement$zUnited States$xEconometric models.
=650  \0$aAfrican Americans$xEducation$xHealth aspects.
=650  \0$aAcademic achievement$xHealth aspects$zUnited States.
=700  1\$aGuryan, Jonathan.
=700  1\$aMazumder, Bhashkar.
=710  2\$aNational Bureau of Economic Research.
=830  \0$aWorking paper series (National Bureau of Economic Research) ;$vno. 15078.
=852  41$aBritish Library$bDSC$j6067.719500$ino. 15078
=856  4\$uhttp://papers.nber.org/papers/15078$zAn electronic book accessible through the World Wide Web; click for information
=856  40$uhttp://www.nber.org/papers/w15078
=ACF  \\$aBritish Library not licensed to copy$c0$e01-oct-2013$hC$iCFP Excluded$5Uk
=CAT  \\$a6098$b40$c20090804$lBLL01$h1250
=CAT  \\$a6098$b40$c20090804$lBLL01$h1252
=CAT  \\$aBATCH-CLA$b00$c20130527$lBLL01$h0131
=CAT  \\$aBATCH-CLA$b00$c20130630$lBLL01$h1630
=CAT  \\$aIPL-CLA$c20130701$lBLL01$h0130
=CAT  \\$aBATCH-CLA$b00$c20130702$lBLL01$h0202
=CAT  \\$aBATCH-CLA$b00$c20130929$lBLL01$h1619
=CAT  \\$aIPL-CLA$c20130930$lBLL01$h1804
=CAT  \\$aBATCH-CLA$b00$c20131202$lBLL01$h0335
=CAT  \\$aIPL-CLA$c20140101$lBLL01$h0121
=CAT  \\$aBATCH-CLA$b00$c20140327$lBLL01$h1830
=CAT  \\$aIPL-CLA$c20140331$lBLL01$h1636
=CAT  \\$aBATCH-UPD$b00$c20181201$lBLL01$h1718
=CAT  \\$aBATCH-CLA$b00$c20181202$lBLL01$h0104
=CAT  \\$aW2308-1659$c20230923$lBLL01$h1045
=CAT  \\$aBATCH-CLA$b00$c20230924$lBLL01$h0649
=CFI  0\$aBritish Library not licensed to copy$c0$e01-apr-2014$hC$iCFP Excluded$5Uk
=FIN  \\$aY$d20090804
=FMT  \\$a  BK
=LAS  \\$aBATCH-CLA$b00$c20230924$lBLL01$h0649
=SID  \\$aZ39$bOCLC
=TCO  \\$aTRS$bCCC$c008

