=LDR  04270cam a22006497a 4500
=001  015353309
=003  Uk
=005  20230924064940.0
=008  090818s2009\\\\maua\\\\\b\\\\000\0\eng\d
=035  \\$a(OCoLC)430944747
=040  \\$aLOL$cLOL$dUk
=042  \\$aukblderived
=043  \\$an-us---
=100  1\$aFreedman, Seth M.
=245  10$aProduct recalls, imperfect information, and spillover effects :$blessons from the consumer response to the 2007 toy recalls /$cSeth M. Freedman, Melissa Schettini Kearney, Mara Lederman.
=260  \\$aCambridge, Mass. :$bNational Bureau of Economic Research,$cc2009.
=300  \\$a74 p. :$bill. ;$c22 cm.
=336  \\$atext$2rdacontent
=337  \\$aunmediated$2rdamedia
=338  \\$avolume$2rdacarrier
=490  1\$aNBER working paper series ;$vno. 15183
=500  \\$a"July 2009"
=504  \\$aIncludes bibliographical references (p. 42-44).
=520  \\$aIn 2007, the Consumer Product Safety Commission (CPSC) issued 276 recalls of toys and other children's products, a sizeable increase from previous years. The overwhelming majority of the 2007 toy recalls were due to high levels of lead content and almost all of these toys were manufactured in China. This period of recalls was characterized by substantial media attention to the issue of consumer product safety and eventually led to the passage of the Consumer Product Safety Improvement Act of 2008. This paper examines consumer demand for toys following this wave of dangerous toy recalls. The data reveal four key findings. First, the types of toys that were involved in recalls in 2007 experienced above average losses in Christmas season sales. Second, Christmas sales of infant/preschool toys produced by manufacturers who did not experience any recalls were about 25 percent lower in 2007 as compared to earlier years, suggesting industry-wide spillovers. Third, a manufacturer's recall of one type of toy did not lead to a disproportionate loss in sales of their other types of toys. And, finally, recalls of toys that are part of a brand had either positive or negative effects on the demand for other toys in the property, depending on the nature of the toys involved. Our examination of the stock market performance of toy firms over this period also reveals industry wide spillovers. The finding of sizable spillover effects of product recalls to non-recalled products and non-recalled manufacturers has important implications for regulation policy.
=540  \\$aBritish Library not licensed to copy$c0$5Uk
=650  \0$aProduct recall$xEconomic aspects$zUnited States.
=650  \0$aToys$xSafety measures$xEconomic aspects$zUnited States.
=700  1\$aKearney, Melissa Schettini,$d1974-
=700  1\$aLederman, Mara.
=710  2\$aNational Bureau of Economic Research.
=830  \0$aWorking paper series (National Bureau of Economic Research) ;$vno. 15183.
=852  41$aBritish Library$bDSC$j6067.719500$ino. 15183
=856  4\$uhttp://papers.nber.org/papers/15183$zAn electronic book accessible through the World Wide Web; click for information
=856  40$uhttp://wwwdev.nber.org/papers/w15183
=ACF  \\$aBritish Library not licensed to copy$c0$e01-oct-2013$hC$iCFP Excluded$5Uk
=CAT  \\$a6098$b40$c20090819$lBLL01$h1031
=CAT  \\$a6098$b40$c20090819$lBLL01$h1034
=CAT  \\$aBATCH-CLA$b00$c20130527$lBLL01$h0131
=CAT  \\$aBATCH-CLA$b00$c20130630$lBLL01$h1630
=CAT  \\$aIPL-CLA$c20130701$lBLL01$h0131
=CAT  \\$aBATCH-CLA$b00$c20130702$lBLL01$h0202
=CAT  \\$aBATCH-CLA$b00$c20130929$lBLL01$h1619
=CAT  \\$aIPL-CLA$c20130930$lBLL01$h1804
=CAT  \\$aBATCH-CLA$b00$c20131202$lBLL01$h0336
=CAT  \\$aIPL-CLA$c20140101$lBLL01$h0121
=CAT  \\$aBATCH-CLA$b00$c20140327$lBLL01$h1830
=CAT  \\$aIPL-CLA$c20140331$lBLL01$h1636
=CAT  \\$aBATCH-UPD$b00$c20201001$lBLL01$h2043
=CAT  \\$aBATCH-CLA$b00$c20201002$lBLL01$h0108
=CAT  \\$aW2308-1659$c20230923$lBLL01$h1046
=CAT  \\$aBATCH-CLA$b00$c20230924$lBLL01$h0649
=CFI  0\$aBritish Library not licensed to copy$c0$e01-apr-2014$hC$iCFP Excluded$5Uk
=FIN  \\$aY$d20090819
=FMT  \\$a  BK
=LAS  \\$aBATCH-CLA$b00$c20230924$lBLL01$h0649
=SID  \\$aZ39$bOCLC
=TCO  \\$aTRS$bCCC$c008

