=LDR  03288cam a22006377a 4500
=001  015372899
=003  Uk
=005  20230924064940.0
=008  090909s2009\\\\mauab\\\\b\\\\000\0\eng\d
=035  \\$a(OCoLC)436156614
=040  \\$aLOL$cLOL$dUk
=042  \\$aukblderived
=043  \\$an-us---
=100  1\$aGelman, Andrew.
=245  10$aWhat is the probability your vote will make a difference? /$cAndrew Gelman, Nate Silver, Aaron Edlin.
=260  \\$aCambridge, Mass. :$bNational Bureau of Economic Research,$cc2009.
=300  \\$a10 p. :$bill., map ;$c21 cm.
=336  \\$atext$2rdacontent
=337  \\$aunmediated$2rdamedia
=338  \\$avolume$2rdacarrier
=490  1\$aNBER working paper series ;$vno. 15220
=500  \\$a"August 2009".
=504  \\$aIncludes bibliographical references (p. 6-7).
=520  \\$aOne of the motivations for voting is that one vote can make a difference. In a presidential election, the probability that your vote is decisive is equal to the probability that your state is necessary for an electoral college win, times the probability the vote in your state is tied in that event. We computed these probabilities a week before the 2008 presidential election, using state-by-state election forecasts based on the latest polls. The states where a single vote was most likely to matter are New Mexico, Virginia, New Hampshire, and Colorado, where your vote had an approximate 1 in 10 million chance of determining the national election outcome. On average, a voter in America had a 1 in 60 million chance of being decisive in the presidential election.
=540  \\$aBritish Library not licensed to copy$c0$5Uk
=650  \0$aVoting$xEconometric models.
=650  \0$aPresidents$zUnited States$xElection$y2008.
=700  1\$aSilver, Nate.
=700  1\$aEdlin, Aaron S.
=710  2\$aNational Bureau of Economic Research.
=830  \0$aWorking paper series (National Bureau of Economic Research) ;$vno. 15220.
=852  41$aBritish Library$bDSC$j6067.719500$ino. 15220
=856  4\$uhttp://papers.nber.org/papers/15220$zAn electronic book accessible through the World Wide Web; click for information
=856  40$uhttp://www.nber.org/papers/w15220
=ACF  \\$aBritish Library not licensed to copy$c0$e01-oct-2013$hC$iCFP Excluded$5Uk
=CAT  \\$a7233$b40$c20090917$lBLL01$h1033
=CAT  \\$aBATCH-CLA$b00$c20130527$lBLL01$h0131
=CAT  \\$aBATCH-CLA$b00$c20130630$lBLL01$h1630
=CAT  \\$aIPL-CLA$c20130701$lBLL01$h0131
=CAT  \\$aBATCH-CLA$b00$c20130702$lBLL01$h0202
=CAT  \\$aBATCH-CLA$b00$c20130929$lBLL01$h1619
=CAT  \\$aIPL-CLA$c20130930$lBLL01$h1805
=CAT  \\$aBATCH-CLA$b00$c20131202$lBLL01$h0336
=CAT  \\$aIPL-CLA$c20140101$lBLL01$h0122
=CAT  \\$aBATCH-CLA$b00$c20140327$lBLL01$h1830
=CAT  \\$aIPL-CLA$c20140331$lBLL01$h1637
=CAT  \\$aBATCH-UPD$b00$c20210612$lBLL01$h1714
=CAT  \\$aBATCH-CLA$b00$c20210613$lBLL01$h0601
=CAT  \\$aW2308-1659$c20230923$lBLL01$h1047
=CAT  \\$aBATCH-CLA$b00$c20230924$lBLL01$h0649
=CFI  0\$aBritish Library not licensed to copy$c0$e01-apr-2014$hC$iCFP Excluded$5Uk
=FIN  \\$aY$d20090917
=FMT  \\$a  BK
=LAS  \\$aBATCH-CLA$b00$c20230924$lBLL01$h0649
=SID  \\$aZ39$bOCLC
=TCO  \\$aTRS$bCCC$c008

