=LDR  03412cam a22006137a 4500
=001  015396156
=003  Uk
=005  20230924064940.0
=008  091015s2009\\\\maua\\\\\b\\\\000\0\eng\d
=035  \\$a(OCoLC)456579388
=040  \\$aLOL$cLOL$dUk
=042  \\$aukblderived
=043  \\$an-us---
=100  1\$aPindyck, Robert S.
=245  14$aThe economic and policy consequences of catastrophes /$cRobert S. Pindyck, Neng Wang.
=260  \\$aCambridge, Mass. :$bNational Bureau of Economic Research,$cc2009.
=300  \\$a26 p. :$bill. ;$c21 cm.
=336  \\$atext$2rdacontent
=337  \\$aunmediated$2rdamedia
=338  \\$avolume$2rdacarrier
=490  1\$aNBER working paper series ;$vno. 15373
=500  \\$a"September 2009".
=504  \\$aIncludes bibliographical references (p. 25-26).
=520  \\$aWhat is the likelihood that the U.S. will experience a devastating catastrophic event over the next few decades -- something that would substantially reduce the capital stock, GDP and wealth? What does the possibility of such an event imply for the behavior of economic variables such as investment, interest rates, and equity prices? And how much should society be willing to pay to reduce the probability or likely impact of such an event? We address these questions using a general equilibrium model that describes production, capital accumulation, and household preferences, and includes as an integral part the possible arrival of catastrophic shocks. Calibrating the model to average values of economic and financial variables yields estimates of the implied expected mean arrival rate and impact distribution of catastrophic shocks. We also use the model to calculate the tax on consumption society would accept to reduce the probability or impact of a shock.
=540  \\$aBritish Library not licensed to copy$c0$5Uk
=650  \0$aDisasters$xEconomic aspects$zUnited States.
=650  \0$aFinancial crises$zUnited States$xEconometric models.
=700  1\$aWang, Neng.
=710  2\$aNational Bureau of Economic Research.
=830  \0$aWorking paper series (National Bureau of Economic Research) ;$vno. 15373.
=852  41$aBritish Library$bDSC$j6067.719500$ino. 15373
=856  4\$uhttp://papers.nber.org/papers/15373$zAn electronic book accessible through the World Wide Web; click for information
=856  40$uhttp://www.nber.org/papers/w15373
=ACF  \\$aBritish Library not licensed to copy$c0$e01-oct-2013$hC$iCFP Excluded$5Uk
=CAT  \\$a7164$b40$c20091020$lBLL01$h1110
=CAT  \\$aBATCH-CLA$b00$c20130527$lBLL01$h0131
=CAT  \\$aBATCH-CLA$b00$c20130630$lBLL01$h1630
=CAT  \\$aIPL-CLA$c20130701$lBLL01$h0132
=CAT  \\$aBATCH-CLA$b00$c20130702$lBLL01$h0203
=CAT  \\$aBATCH-CLA$b00$c20130929$lBLL01$h1619
=CAT  \\$aIPL-CLA$c20130930$lBLL01$h1805
=CAT  \\$aBATCH-CLA$b00$c20131202$lBLL01$h0336
=CAT  \\$aIPL-CLA$c20140101$lBLL01$h0123
=CAT  \\$aBATCH-CLA$b00$c20140327$lBLL01$h1830
=CAT  \\$aIPL-CLA$c20140331$lBLL01$h1637
=CAT  \\$aBATCH-UPD$b00$c20170113$lBLL01$h2100
=CAT  \\$aW2308-1659$c20230923$lBLL01$h1048
=CAT  \\$aBATCH-CLA$b00$c20230924$lBLL01$h0649
=CFI  0\$aBritish Library not licensed to copy$c0$e01-apr-2014$hC$iCFP Excluded$5Uk
=FIN  \\$aY$d20091020
=FMT  \\$a  BK
=LAS  \\$aBATCH-CLA$b00$c20230924$lBLL01$h0649
=SID  \\$aZ39$bOCLC
=TCO  \\$aTRS$bCCC$c008

