=LDR  03035cam a22006257a 4500
=001  015396160
=003  Uk
=005  20230924064940.0
=008  091015s2009\\\\maua\\\\\b\\\\000\0\eng\d
=035  \\$a(OCoLC)456579382
=040  \\$aLOL$cLOL$dUk
=042  \\$aukblderived
=100  1\$aDeming, David,$d1979-
=245  10$aInto college, out of poverty? :$bpolicies to Increase the postsecondary attainment of the poor /$cDavid Deming, Susan Dynarski.
=260  \\$aCambridge, Mass. :$bNational Bureau of Economic Research,$cc2009.
=300  \\$a28 p. :$bill. ;$c21 cm.
=336  \\$atext$2rdacontent
=337  \\$aunmediated$2rdamedia
=338  \\$avolume$2rdacarrier
=490  1\$aNBER working paper series ;$vno. 15387
=500  \\$a"September 2009".
=504  \\$aIncludes bibliographical references (p. 20-23).
=520  \\$aWe review the experimental and quasi-experimental research evidence on the causal relationship between college costs and educational attainment, with a particular focus on low-income populations. The weight of the evidence indicates that reducing college costs can increase college entry and persistence. Simple and transparent programs appear to be most effective. Programs that link money to incentives and/or the takeup of academic support services appear to be particularly effective.
=540  \\$aBritish Library not licensed to copy$c0$5Uk
=650  \0$aPoor$xEducation (Higher)$xEconometric models.
=650  \0$aCollege attendance$xEconometric models.
=650  \0$aCollege costs.
=700  1\$aDynarski, Susan M.
=710  2\$aNational Bureau of Economic Research.
=830  \0$aWorking paper series (National Bureau of Economic Research) ;$vno. 15387.
=852  41$aBritish Library$bDSC$j6067.719500$ino. 15387
=856  4\$uhttp://papers.nber.org/papers/15387$zAn electronic book accessible through the World Wide Web; click for information
=856  40$uhttp://www.nber.org/papers/w15387
=ACF  \\$aBritish Library not licensed to copy$c0$e01-oct-2013$hC$iCFP Excluded$5Uk
=CAT  \\$a7164$b40$c20091020$lBLL01$h1114
=CAT  \\$aBATCH-CLA$b00$c20130527$lBLL01$h0131
=CAT  \\$aBATCH-CLA$b00$c20130630$lBLL01$h1630
=CAT  \\$aIPL-CLA$c20130701$lBLL01$h0132
=CAT  \\$aBATCH-CLA$b00$c20130702$lBLL01$h0203
=CAT  \\$aBATCH-CLA$b00$c20130929$lBLL01$h1619
=CAT  \\$aIPL-CLA$c20130930$lBLL01$h1805
=CAT  \\$aBATCH-CLA$b00$c20131202$lBLL01$h0336
=CAT  \\$aIPL-CLA$c20140101$lBLL01$h0123
=CAT  \\$aBATCH-CLA$b00$c20140327$lBLL01$h1830
=CAT  \\$aIPL-CLA$c20140331$lBLL01$h1637
=CAT  \\$aBATCH-UPD$b00$c20181015$lBLL01$h2043
=CAT  \\$aBATCH-CLA$b00$c20181016$lBLL01$h0107
=CAT  \\$aW2308-1659$c20230923$lBLL01$h1048
=CAT  \\$aBATCH-CLA$b00$c20230924$lBLL01$h0649
=CFI  0\$aBritish Library not licensed to copy$c0$e01-apr-2014$hC$iCFP Excluded$5Uk
=FIN  \\$aY$d20091020
=FMT  \\$a  BK
=LAS  \\$aBATCH-CLA$b00$c20230924$lBLL01$h0649
=SID  \\$aZ39$bOCLC
=TCO  \\$aTRS$bCCC$c008

