=LDR  04161cam a22006497a 4500
=001  015403658
=003  Uk
=005  20230924064940.0
=008  091021s2009\\\\maua\\\\\b\\\\000\0\eng\d
=035  \\$a(OCoLC)457814178
=040  \\$aLOL$cLOL$dUk
=042  \\$aukblderived
=100  1\$aAcemoglu, Daron.
=245  10$aPower fluctuations and political economy /$cDaron Acemoglu, Mikhail Golosov, Aleh Tsyvinski.
=260  \\$aCambridge, Mass. :$bNational Bureau of Economic Research,$cc2009.
=300  \\$a51 p. :$bill. ;$c21 cm.
=336  \\$atext$2rdacontent
=337  \\$aunmediated$2rdamedia
=338  \\$avolume$2rdacarrier
=490  1\$aNBER working papers ;$vno. 15400
=500  \\$a"October 2009".
=504  \\$aIncludes bibliographical references (p. 49-51).
=520  \\$aWe study the constrained Pareto efficient allocations in a dynamic production economy in which the group that holds political power decides the allocation of resources. We show that Pareto efficient allocations take a quasi-Markovian structure and can be represented recursively as a function of the identity of the group in power and updated Pareto weights. For high discount factors, the economy converges to a first-best allocation in which labor supply decisions are not distorted and the levels of labor supply and consumption are constant over time (though there may be transfers from one group to another). For low discount factors, the economy converges to an invariant stochastic distribution in which distortions do not disappear and labor supply and consumption levels fluctuate over time. The labor supply of groups that are not in power are taxed in order to reduce the deviation payoff of the party in power and thus relax the political economy/sustainability constraints. We also show that the set of sustainable first-best allocations is larger when there is less persistence in the identity of the party in power. This result contradicts a common conjecture that there will be fewer distortions when the political system creates a "stable ruling group". In contrast, political economy distortions are less important when there are frequent changes in power (because this encourages compromise between social groups). Despite this result, it remains true that distortions decrease along sample paths where a particular group remains in power for a longer span of time.
=540  \\$aBritish Library not licensed to copy$c0$5Uk
=650  \0$aBusiness cycles$xPolitical aspects.
=650  \0$aPolitical parties$xEconomic aspects.
=700  1\$aGolosov, Mikhail.
=700  1\$aTsyvinski, Aleh.
=710  2\$aNational Bureau of Economic Research.
=830  \0$aWorking paper series (National Bureau of Economic Research) ;$vno. 15400.
=852  41$aBritish Library$bDSC$j6067.719500$iv. 15400
=856  4\$uhttp://papers.nber.org/papers/15400$zAn electronic book accessible through the World Wide Web; click for information
=856  40$uhttp://www.nber.org/papers/w15400
=ACF  \\$aBritish Library not licensed to copy$c0$e01-oct-2013$hC$iCFP Excluded$5Uk
=CAT  \\$a6098$b40$c20091028$lBLL01$h1114
=CAT  \\$a6098$b40$c20091028$lBLL01$h1115
=CAT  \\$a6098$b40$c20091028$lBLL01$h1116
=CAT  \\$a6098$b40$c20091028$lBLL01$h1124
=CAT  \\$aBATCH-CLA$b00$c20130527$lBLL01$h0131
=CAT  \\$aBATCH-CLA$b00$c20130630$lBLL01$h1630
=CAT  \\$aIPL-CLA$c20130701$lBLL01$h0132
=CAT  \\$aBATCH-CLA$b00$c20130702$lBLL01$h0203
=CAT  \\$aBATCH-CLA$b00$c20130929$lBLL01$h1619
=CAT  \\$aIPL-CLA$c20130930$lBLL01$h1805
=CAT  \\$aBATCH-CLA$b00$c20131202$lBLL01$h0336
=CAT  \\$aIPL-CLA$c20140101$lBLL01$h0124
=CAT  \\$aBATCH-CLA$b00$c20140327$lBLL01$h1830
=CAT  \\$aIPL-CLA$c20140331$lBLL01$h1637
=CAT  \\$aBATCH-UPD$b00$c20180620$lBLL01$h1702
=CAT  \\$aW2308-1659$c20230923$lBLL01$h1049
=CAT  \\$aBATCH-CLA$b00$c20230924$lBLL01$h0649
=CFI  0\$aBritish Library not licensed to copy$c0$e01-apr-2014$hC$iCFP Excluded$5Uk
=FIN  \\$aY$d20091028
=FMT  \\$a  BK
=LAS  \\$aBATCH-CLA$b00$c20230924$lBLL01$h0649
=SID  \\$aZ39$bOCLC
=TCO  \\$aTRS$bCCC$c008

