=LDR  03972cam a2200649 a 4500
=001  015411352
=003  Uk
=005  20091111105004.0
=008  091103s2009\\\\maua\\\\\b\\\\000\0\eng\d
=035  \\$a(OCoLC)462873861
=040  \\$aLOL$cLOL$dUk
=042  \\$aukblsr
=043  \\$an-us---
=100  1\$aSahm, Claudia R.
=245  10$aHousehold response to the 2008 tax rebate :$bsurvey evidence and aggregate implications /$cClaudia R. Sahm, Matthew D. Shapiro, Joel B. Slemrod.
=260  \\$aCambridge, Mass. :$bNational Bureau of Economic Research,$cc2009.
=300  \\$a48 p. :$bill. ;$c21 cm.
=336  \\$atext$2rdacontent
=337  \\$aunmediated$2rdamedia
=338  \\$avolume$2rdacarrier
=490  1\$aNBER working paper series ;$vno. 15421
=500  \\$a"October 2009".
=504  \\$aIncludes bibliographical references (p. 27).
=520  \\$aOnly about one-fifth of respondents in the Reuters/University of Michigan survey report that the 2008 tax rebates led them to mostly increase spending, while over half said it would lead them to mostly pay off debt. Of those in the mostly-spend category, the response was swift, with over 80 percent reporting increasing their spending within three months of receiving their rebate. Older households, households with higher wealth and higher income, and those expecting future income growth were generally more likely to spend the rebates. A review of other surveys confirms the general pattern of results and suggests that small changes in survey design do not have a major effect on the distribution of responses. The distribution of survey answers corresponds to an aggregate MPC after one year of about one-third. The paper combines this survey-based estimate of the MPC and the survey-based estimate of the timing of spending to show that the rebates help explain the aggregate movements in saving, spending, and debt in 2008. Because the rebate was large and distributed over a short period, it had a non-trivial effect on total spending in the second and third quarters of 2008. Nonetheless, the results imply that the rebates provided only a modest stimulus to spending per dollar of rebate.
=530  \\$aAlso available via the Internet.
=540  \\$aBritish Library not licensed to copy$c0$5Uk
=650  \0$aTax rebates$xEconomic aspects$zUnited States.
=700  1\$aShapiro, Matthew D.$q(Matthew David).
=700  1\$aSlemrod, Joel.
=710  2\$aNational Bureau of Economic Research.
=830  \0$aWorking paper series (National Bureau of Economic Research) ;$vno. 15421.
=852  41$aBritish Library$bDSC$j6067.7195000$ino. 15421
=856  4\$uhttp://papers.nber.org/papers/15421$zAn electronic book accessible through the World Wide Web; click for information
=856  40$uhttp://www.nber.org/papers/w15421
=ACF  \\$aBritish Library not licensed to copy$c0$e01-oct-2013$hC$iCFP Excluded$5Uk
=CAT  \\$a6098$b40$c20091106$lBLL01$h1228
=CAT  \\$a11250$b40$c20091111$lBLL01$h1050
=CAT  \\$aBATCH-CLA$b00$c20130527$lBLL01$h0131
=CAT  \\$aBATCH-CLA$b00$c20130630$lBLL01$h1630
=CAT  \\$aIPL-CLA$c20130701$lBLL01$h0132
=CAT  \\$aBATCH-CLA$b00$c20130702$lBLL01$h0203
=CAT  \\$aBATCH-CLA$b00$c20130929$lBLL01$h1619
=CAT  \\$aIPL-CLA$c20130930$lBLL01$h1805
=CAT  \\$aBATCH-CLA$b00$c20131202$lBLL01$h0336
=CAT  \\$aIPL-CLA$c20140101$lBLL01$h0124
=CAT  \\$aBATCH-CLA$b00$c20140327$lBLL01$h1830
=CAT  \\$aIPL-CLA$c20140331$lBLL01$h1637
=CAT  \\$aBATCH-UPD$b00$c20160702$lBLL01$h1723
=CAT  \\$aBATCH-UPD$b00$c20211217$lBLL01$h2106
=CAT  \\$aW2308-1659$c20230923$lBLL01$h1049
=CFI  0\$aBritish Library not licensed to copy$c0$e01-apr-2014$hC$iCFP Excluded$5Uk
=CFI  2\$aBritish Library not licensed to copy$c0$e01-jan-2014$hC$iCFP Excluded$5Uk
=FIN  \\$aY$d20091106
=FMT  \\$a  BK
=LAS  \\$aW2308-1659$b00$c20230923$lBLL01$h1049
=SID  \\$aZ39$bOCLC
=TCO  \\$aTRS$bCCC$c008

