=LDR  03366cam a22006497a 4500
=001  015413405
=003  Uk
=005  20230924064940.0
=008  091103s2009\\\\mauab\\\\b\\\\000\0\eng\d
=035  \\$a(OCoLC)462873876
=040  \\$aLOL$cLOL$dUk
=042  \\$aukblderived
=043  \\$an-us---
=100  1\$aMetcalf, Gilbert E.
=245  10$aInvestment in energy infrastructure and the tax code /$cGilbert E. Metcalf.
=260  \\$aCambridge, Mass. :$bNational Bureau of Economic Research,$c2009.
=300  \\$a46 p. :$bill., maps ;$c22 cm.
=336  \\$atext$2rdacontent
=337  \\$aunmediated$2rdamedia
=338  \\$avolume$2rdacarrier
=490  1\$aNBER working paper series ;$vno. 15429
=500  \\$a"October 2009".
=504  \\$aIncludes bibliographical references (p. 44-46).
=520  \\$aFederal tax policy provides a broad array of incentives for energy investment. I review those policies and construct estimates of marginal effective tax rates for different energy capital investments as of 2007. Effective tax rates vary widely across investment classes. I then consider investment in wind generation capital and regress investment against a user cost of capital measure along with other controls. I find that wind investment is strongly responsive to changes in tax policy. Based on the coefficient estimates the elasticity of investment with respect to the user cost of capital is in the range of -1 to -2. I also demonstrate that the federal production tax credit plays a key role in driving wind investment over the past eighteen years.
=530  \\$aAlso available via the Internet.
=540  \\$aBritish Library not licensed to copy$c0$5Uk
=650  \0$aEnergy industries$xGovernment policy$zUnited States.
=650  \0$aWind power$xGovernment policy$zUnited States.
=650  \0$aTax incentives$zUnited States.
=710  2\$aNational Bureau of Economic Research.
=830  \0$aWorking paper series (National Bureau of Economic Research) ;$vno. 15429.
=852  41$aBritish Library$bDSC$j6067.719500$ino.15429
=856  4\$uhttp://papers.nber.org/papers/15429$zAn electronic book accessible through the World Wide Web; click for information
=856  40$uhttp://www.nber.org/papers/w15429
=ACF  \\$aBritish Library not licensed to copy$c0$e01-oct-2013$hC$iCFP Excluded$5Uk
=CAT  \\$a9504$b40$c20091109$lBLL01$h1417
=CAT  \\$a8980$b40$c20091112$lBLL01$h0911
=CAT  \\$aBATCH-CLA$b00$c20130527$lBLL01$h0131
=CAT  \\$aBATCH-CLA$b00$c20130630$lBLL01$h1630
=CAT  \\$aIPL-CLA$c20130701$lBLL01$h0132
=CAT  \\$aBATCH-CLA$b00$c20130702$lBLL01$h0203
=CAT  \\$aBATCH-CLA$b00$c20130929$lBLL01$h1619
=CAT  \\$aIPL-CLA$c20130930$lBLL01$h1805
=CAT  \\$aBATCH-CLA$b00$c20131202$lBLL01$h0336
=CAT  \\$aIPL-CLA$c20140101$lBLL01$h0124
=CAT  \\$aBATCH-CLA$b00$c20140327$lBLL01$h1830
=CAT  \\$aIPL-CLA$c20140331$lBLL01$h1637
=CAT  \\$aBATCH-UPD$b00$c20180916$lBLL01$h2047
=CAT  \\$aBATCH-CLA$b00$c20180917$lBLL01$h0102
=CAT  \\$aW2308-1659$c20230923$lBLL01$h1049
=CAT  \\$aBATCH-CLA$b00$c20230924$lBLL01$h0649
=CFI  0\$aBritish Library not licensed to copy$c0$e01-apr-2014$hC$iCFP Excluded$5Uk
=FIN  \\$aY$d20091112
=FMT  \\$a  BK
=LAS  \\$aBATCH-CLA$b00$c20230924$lBLL01$h0649
=SID  \\$aZ39$bOCLC
=TCO  \\$aTRS$bCCC$c008

