=LDR  03551cam a22006497a 4500
=001  015413559
=003  Uk
=005  20230924064940.0
=008  091104s2009\\\\maua\\\\\b\\\\000\0\eng\d
=035  \\$a(OCoLC)463312378
=040  \\$aLOL$cLOL$dUk
=042  \\$aukblsr
=100  1\$aList, John A.,$d1968-
=245  10$aAre CEOs expected utility maximizers? /$cJohn List, Charles Mason.
=260  \\$aCambridge, Mass. :$bNational Bureau of Economic Research,$cc2009.
=300  \\$a34 p. :$bill. ;$c22 cm.
=336  \\$atext$2rdacontent
=337  \\$aunmediated$2rdamedia
=338  \\$avolume$2rdacarrier
=490  1\$aNBER working paper series ;$vno. 15453
=500  \\$a"October 2009".
=504  \\$aIncludes bibliographical references (p. 20-21).
=520  \\$aAre individuals expected utility maximizers? This question represents much more than academic curiosity. In a normative sense, at stake are the fundamental underpinnings of the bulk of the last half-century's models of choice under uncertainty. From a positive perspective, the ubiquitous use of benefit-cost analysis across government agencies renders the expected utility maximization paradigm literally the only game in town. In this study, we advance the literature by exploring CEO's preferences over small probability, high loss lotteries. Using undergraduate students as our experimental control group, we find that both our CEO and student subject pools exhibit frequent and large departures from expected utility theory. In addition, as the extreme payoffs become more likely CEOs exhibit greater aversion to risk. Our results suggest that use of the expected utility paradigm in decision making substantially underestimates society's willingness to pay to reduce risk in small probability, high loss events.
=530  \\$aAlso available via the Internet.
=540  \\$aBritish Library not licensed to copy$c0$5Uk
=650  \0$aChief executive officers.
=650  \0$aUtility theory.
=650  \0$aRisk perception.
=700  1\$aMason, Charles F.
=710  2\$aNational Bureau of Economic Research.
=830  \0$aWorking paper series (National Bureau of Economic Research) ;$vno. 15453.
=852  41$aBritish Library$bDSC$j6067.719500$ino. 15453
=856  4\$uhttp://papers.nber.org/papers/15453$zAn electronic book accessible through the World Wide Web; click for information
=856  40$uhttp://www.nber.org/papers/w15453
=ACF  \\$aBritish Library not licensed to copy$c0$e01-oct-2013$hC$iCFP Excluded$5Uk
=CAT  \\$a7164$b40$c20091109$lBLL01$h1602
=CAT  \\$a11250$b40$c20091112$lBLL01$h0843
=CAT  \\$aBATCH-CLA$b00$c20130527$lBLL01$h0131
=CAT  \\$aBATCH-CLA$b00$c20130630$lBLL01$h1630
=CAT  \\$aIPL-CLA$c20130701$lBLL01$h0132
=CAT  \\$aBATCH-CLA$b00$c20130702$lBLL01$h0203
=CAT  \\$aBATCH-CLA$b00$c20130929$lBLL01$h1619
=CAT  \\$aIPL-CLA$c20130930$lBLL01$h1805
=CAT  \\$aBATCH-CLA$b00$c20131202$lBLL01$h0336
=CAT  \\$aIPL-CLA$c20140101$lBLL01$h0124
=CAT  \\$aBATCH-CLA$b00$c20140327$lBLL01$h1830
=CAT  \\$aIPL-CLA$c20140331$lBLL01$h1637
=CAT  \\$aBATCH-UPD$b00$c20211217$lBLL01$h2106
=CAT  \\$aBATCH-CLA$b00$c20211218$lBLL01$h0139
=CAT  \\$aW2308-1659$c20230923$lBLL01$h1049
=CAT  \\$aBATCH-CLA$b00$c20230924$lBLL01$h0649
=CFI  0\$aBritish Library not licensed to copy$c0$e01-apr-2014$hC$iCFP Excluded$5Uk
=FIN  \\$aY$d20091109
=FMT  \\$a  BK
=LAS  \\$aBATCH-CLA$b00$c20230924$lBLL01$h0649
=SID  \\$aZ39$bOCLC
=TCO  \\$aTRS$bCCC$c008

