=LDR  04182cam a22006137a 4500
=001  015413583
=003  Uk
=005  20230924064940.0
=008  091104s2009\\\\maua\\\\\b\\\\000\0\eng\d
=035  \\$a(OCoLC)463310066
=040  \\$aLOL$cLOL$dUk
=042  \\$aukblderived
=043  \\$an-us---
=100  1\$aHoxby, Caroline Minter.
=245  14$aThe changing selectivity of American colleges /$cCaroline M. Hoxby.
=260  \\$aCambridge, Mass. :$bNational Bureau of Economic Research,$cc2009.
=300  \\$a34 p. :$bill. ;$c22 cm.
=336  \\$atext$2rdacontent
=337  \\$aunmediated$2rdamedia
=338  \\$avolume$2rdacarrier
=490  1\$aNBER working paper series ;$vno. 15446
=500  \\$a"October 2009".
=504  \\$aIncludes bibliographical references (p. 23-28).
=520  \\$aThis paper shows that although the top ten percent of colleges are substantially more selective now than they were 5 decades ago, most colleges are not more selective. Moreover, at least 50 percent of colleges are substantially less selective now than they were then. This paper demonstrates that competition for space--the number of students who wish to attend college growing faster than the number of spaces available--does not explain changing selectivity. The explanation is, instead, that the elasticity of a student's preference for a college with respect to its proximity to his home has fallen substantially over time and there has been a corresponding increase in the elasticity of his preference for a college with respect to its resources and peers. In other words, students used to attend a local college regardless of their abilities and its characteristics. Now, their choices are driven far less by distance and far more by a college's resources and student body. It is the consequent re-sorting of students among colleges that has, at once, caused selectivity to rise in a small number of colleges while simultaneously causing it to fall in other colleges. I show that the integration of the market for college education has had profound implications on the peers whom college students experience, the resources invested in their education, the tuition they pay, and the subsidies they enjoy. An important finding is that, even though tuition has been rising rapidly at the most selective schools, the deal students get there has arguably improved greatly. The result is that the "stakes" associated with admission to these colleges are much higher now than in the past.
=540  \\$aBritish Library not licensed to copy$c0$5Uk
=650  \0$aUniversities and colleges$zUnited States$xEntrance requirements$xEconometric models.
=650  \0$aCollege choice$zUnited States$xEconometric models.
=710  2\$aNational Bureau of Economic Research.
=830  \0$aWorking paper series (National Bureau of Economic Research) ;$vno. 15446.
=852  41$aBritish Library$bDSC$j6067.719500$ino. 15446
=856  4\$uhttp://papers.nber.org/papers/15446$zAn electronic book accessible through the World Wide Web; click for information
=856  40$uhttp://www.nber.org/papers/w15446
=ACF  \\$aBritish Library not licensed to copy$c0$e01-oct-2013$hC$iCFP Excluded$5Uk
=CAT  \\$a7164$b40$c20091109$lBLL01$h1627
=CAT  \\$aBATCH-CLA$b00$c20130527$lBLL01$h0131
=CAT  \\$aBATCH-CLA$b00$c20130630$lBLL01$h1630
=CAT  \\$aIPL-CLA$c20130701$lBLL01$h0132
=CAT  \\$aBATCH-CLA$b00$c20130702$lBLL01$h0203
=CAT  \\$aBATCH-CLA$b00$c20130929$lBLL01$h1619
=CAT  \\$aIPL-CLA$c20130930$lBLL01$h1805
=CAT  \\$aBATCH-CLA$b00$c20131202$lBLL01$h0336
=CAT  \\$aIPL-CLA$c20140101$lBLL01$h0124
=CAT  \\$aBATCH-CLA$b00$c20140327$lBLL01$h1830
=CAT  \\$aIPL-CLA$c20140331$lBLL01$h1637
=CAT  \\$aBATCH-UPD$b00$c20200418$lBLL01$h1224
=CAT  \\$aBATCH-CLA$b00$c20200419$lBLL01$h0105
=CAT  \\$aW2308-1659$c20230923$lBLL01$h1049
=CAT  \\$aBATCH-CLA$b00$c20230924$lBLL01$h0649
=CFI  0\$aBritish Library not licensed to copy$c0$e01-apr-2014$hC$iCFP Excluded$5Uk
=FIN  \\$aY$d20091109
=FMT  \\$a  BK
=LAS  \\$aBATCH-CLA$b00$c20230924$lBLL01$h0649
=SID  \\$aZ39$bOCLC
=TCO  \\$aTRS$bCCC$c008

