=LDR  03967cam a22006257a 4500
=001  015414229
=003  Uk
=005  20230924064940.0
=008  091106s2009\\\\maua\\\\\b\\\\000\0\eng\d
=035  \\$a(OCoLC)463629148
=040  \\$aLOL$cLOL$dUk
=042  \\$aukblderived
=100  1\$aAtkinson, A. B.$q(Anthony Barnes),$d1944-2017.
=245  10$aTop incomes in the long run of history /$cAnthony B. Atkinson, Thomas Piketty, Emmanuel Saez.
=260  \\$aCambridge, Mass. :$bNational Bureau of Economic Research,$cc2009.
=300  \\$a76, [24] p. :$bill. ;$c22 cm.
=336  \\$atext$2rdacontent
=337  \\$aunmediated$2rdamedia
=338  \\$avolume$2rdacarrier
=490  1\$aNBER working paper series ;$vno. 15408
=500  \\$a"October 2009".
=504  \\$aIncludes bibliographical references (p. 69-76).
=520  \\$aThis paper summarizes the main findings of a recent literature that has constructed top income shares time series over the long-run for more than 20 countries using income tax statistics. Top incomes represent a small share of the population but a very significant share of total income and total taxes paid. Hence, aggregate economic growth per capita and Gini inequality indexes are very sensitive to excluding or including top incomes. We discuss the estimation methods and issues that arise when constructing top income share series, including income definition and comparability over time and across countries, tax avoidance and tax evasion. We provide a summary of the key empirical findings. Most countries experience a dramatic drop in top income shares in the first part of the 20th century in general due to shocks to top capital incomes during the wars and depression shocks. Top income shares do not recover in the immediate post war decades. However, over the last 30 years, top income shares have increased substantially in English speaking countries and in India and China but not in continental Europe countries or Japan. This increase is due in part to an unprecedented surge in top wage incomes. As a result, wage income comprises a larger fraction of top incomes than in the past. Finally, we discuss the theoretical and empirical models that have been proposed to account for the facts and the main questions that remain open.
=540  \\$aBritish Library not licensed to copy$c0$5Uk
=650  \0$aIncome distribution$xHistory.
=650  \0$aIncome distribution$xMeasurement.
=700  1\$aPiketty, Thomas,$d1971-
=700  1\$aSaez, Emmanuel.
=710  2\$aNational Bureau of Economic Research.
=830  \0$aWorking paper series (National Bureau of Economic Research) ;$vno. 15408.
=852  41$aBritish Library$bDSC$j6067.719500$ino.15408
=856  4\$uhttp://papers.nber.org/papers/15408$zAn electronic book accessible through the World Wide Web; click for information
=856  40$uhttp://www.nber.org/papers/w15408
=ACF  \\$aBritish Library not licensed to copy$c0$e01-oct-2013$hC$iCFP Excluded$5Uk
=CAT  \\$a9504$b40$c20091110$lBLL01$h1407
=CAT  \\$a11244$b40$c20101105$lBLL01$h0921
=CAT  \\$aBATCH-CLA$b00$c20130527$lBLL01$h0131
=CAT  \\$aBATCH-CLA$b00$c20130630$lBLL01$h1630
=CAT  \\$aIPL-CLA$c20130701$lBLL01$h0132
=CAT  \\$aBATCH-CLA$b00$c20130702$lBLL01$h0203
=CAT  \\$aBATCH-CLA$b00$c20130929$lBLL01$h1619
=CAT  \\$aIPL-CLA$c20130930$lBLL01$h1805
=CAT  \\$aBATCH-CLA$b00$c20131202$lBLL01$h0336
=CAT  \\$aIPL-CLA$c20140101$lBLL01$h0124
=CAT  \\$aBATCH-CLA$b00$c20140327$lBLL01$h1830
=CAT  \\$aIPL-CLA$c20140331$lBLL01$h1637
=CAT  \\$aBATCH-UPD$b00$c20170106$lBLL01$h2049
=CAT  \\$aW2308-1659$c20230923$lBLL01$h1049
=CAT  \\$aBATCH-CLA$b00$c20230924$lBLL01$h0649
=CFI  0\$aBritish Library not licensed to copy$c0$e01-apr-2014$hC$iCFP Excluded$5Uk
=FIN  \\$aY$d20091110
=FMT  \\$a  BK
=LAS  \\$aBATCH-CLA$b00$c20230924$lBLL01$h0649
=SID  \\$aZ39$bOCLC
=TCO  \\$aTRS$bCCC$c008

