=LDR  03907cam a22006017a 4500
=001  015465071
=003  Uk
=005  20230924064941.0
=008  100111s2009\\\\mauk\\\\\b\\\\000\0\eng\\
=035  \\$a(OCoLC)496821275
=040  \\$aLOL$cLOL$dUk
=042  \\$aukblderived
=043  \\$an-us-ma
=245  00$aAccountability and flexibility in public schools :$bevidence from boston's charters and pilots /$cAtila Abdulkadiroglu ... [et al.].
=260  \\$aCambridge, MA :$bNational Bureau of Economic Research,$c2009.
=300  \\$a58 p. :$btables ;$c21 cm.
=336  \\$atext$2rdacontent
=337  \\$aunmediated$2rdamedia
=338  \\$avolume$2rdacarrier
=490  1\$aNBER working paper series ;$vworking paper 15549
=504  \\$aIncludes bibliographical references.
=520  3\$a"Charter schools are publicly funded but operate outside the regulatory framework and collective bargaining agreements characteristic of traditional public schools. In return for this freedom, charter schools are subject to heightened accountability. This paper estimates the impact of charter school attendance on student achievement using data from Boston, where charter schools enroll a growing share of students. We also evaluate an alternative to the charter model, Boston's pilot schools. These schools have some of the independence of charter schools, but operate within the school district, face little risk of closure, and are covered by many of same collective bargaining provisions as traditional public schools. Estimates using student assignment lotteries show large and significant test score gains for charter lottery winners in middle and high school. In contrast, lottery-based estimates for pilot schools are small and mostly insignificant. The large positive lottery-based estimates for charter schools are similar to estimates constructed using statistical controls in the same sample, but larger than those using statistical controls in a wider sample of schools. The latter are still substantial, however. The estimates for pilot schools are smaller and more variable than those for charters, with some significant negative effects"--National Bureau of Economic Research web site.
=540  \\$aBritish Library not licensed to copy$c0$5Uk
=650  \0$aCharter schools$zMassachusetts$zBoston.
=650  \0$aAcademic achievement$zMassachusetts$zBoston.
=700  1\$aAbdulkadiroǧlu, Atila,$d1971-
=710  2\$aNational Bureau of Economic Research.
=830  \0$aWorking paper series (National Bureau of Economic Research : Online) ;$vworking paper no. 15549.
=852  41$aBritish Library$bDSC$j6067.719500$ino. 15549
=856  40$uhttp://www.nber.org/papers/w15549
=856  4\$uhttp://papers.nber.org/papers/15549$zAn electronic book accessible through the World Wide Web; click for information
=ACF  \\$aBritish Library not licensed to copy$c0$e01-oct-2013$hC$iCFP Excluded$5Uk
=CAT  \\$a7233$b40$c20100115$lBLL01$h1058
=CAT  \\$aBATCH-CLA$b00$c20130527$lBLL01$h0131
=CAT  \\$aBATCH-CLA$b00$c20130630$lBLL01$h1631
=CAT  \\$aIPL-CLA$c20130701$lBLL01$h0134
=CAT  \\$aBATCH-CLA$b00$c20130702$lBLL01$h0203
=CAT  \\$aBATCH-CLA$b00$c20130929$lBLL01$h1619
=CAT  \\$aIPL-CLA$c20130930$lBLL01$h1806
=CAT  \\$aBATCH-CLA$b00$c20131202$lBLL01$h0336
=CAT  \\$aIPL-CLA$c20140101$lBLL01$h0126
=CAT  \\$aBATCH-CLA$b00$c20140327$lBLL01$h1830
=CAT  \\$aIPL-CLA$c20140331$lBLL01$h1637
=CAT  \\$aBATCH-UPD$b00$c20200819$lBLL01$h1842
=CAT  \\$aBATCH-CLA$b00$c20200820$lBLL01$h0105
=CAT  \\$aW2308-1659$c20230923$lBLL01$h1052
=CAT  \\$aBATCH-CLA$b00$c20230924$lBLL01$h0649
=CFI  0\$aBritish Library not licensed to copy$c0$e01-apr-2014$hC$iCFP Excluded$5Uk
=FIN  \\$aY$d20100115
=FMT  \\$a  BK
=LAS  \\$aBATCH-CLA$b00$c20230924$lBLL01$h0649
=SID  \\$aZ39$bOCLC
=TCO  \\$aTRS$bCCC$c008

