=LDR  03602cam a22006377a 4500
=001  015465078
=003  Uk
=005  20230924064941.0
=008  100111s2009\\\\maub\\\\\b\\\\000\0\eng\\
=035  \\$a(OCoLC)496821620
=040  \\$aLOL$cLOL$dLOL$dUk
=042  \\$aukblderived
=043  \\$as-bl---
=100  10$aCaselli, Francesco,$d1966-
=245  10$aDo oil windfalls improve living standards? :$bevidence from Brazil /$cFrancesco Caselli, Guy Michaels.
=260  \\$aCambridge, MA :$bNational Bureau of Economic Research,$cc2009.
=300  \\$a59 p. :$bmap ;$c21 cm.
=336  \\$atext$2rdacontent
=337  \\$aunmediated$2rdamedia
=338  \\$avolume$2rdacarrier
=490  1\$aNBER working paper series ;$vworking paper 15550
=504  \\$aIncludes bibliographical references.
=520  3\$a"We use variation in oil output among Brazilian municipalities to investigate the effects of resource windfalls. We find muted effects of oil through market channels: offshore oil has no effect on municipal non-oil GDP or its composition, while onshore oil has only modest effects on non-oil GDP composition. However, oil abundance causes municipal revenues and reported spending on a range of budgetary items to increase, mainly as a result of royalties paid by Petrobras. Nevertheless, survey-based measures of social transfers, public good provision, infrastructure, and household income increase less (if at all) than one might expect given the increase in reported spending. To explain why oil windfalls contribute little to local living standards, we use data from the Brazilian media and federal police to document that very large oil output increases alleged instances of illegal activities associated with mayors"--National Bureau of Economic Research web site.
=540  \\$aBritish Library not licensed to copy$c0$5Uk
=650  \0$aPetroleum$xEconomic aspects$zBrazil.
=650  \0$aCities and towns$zBrazil$xAppropriations and expenditures.
=650  \0$aCost and standard of living$zBrazil.
=650  \0$aPolitical corruption$xEconomic aspects$zBrazil.
=700  1\$aMichaels, Guy.
=710  2\$aNational Bureau of Economic Research.
=830  \0$aWorking paper series (National Bureau of Economic Research : Online) ;$vworking paper no. 15550.
=852  41$aBritish Library$bDSC$j6067.719500$ino. 15550
=856  40$uhttp://www.nber.org/papers/w15550
=856  4\$uhttp://papers.nber.org/papers/15550$zAn electronic book accessible through the World Wide Web; click for information
=ACF  \\$aBritish Library not licensed to copy$c0$e01-oct-2013$hC$iCFP Excluded$5Uk
=CAT  \\$a7233$b40$c20100115$lBLL01$h1101
=CAT  \\$aBATCH-CLA$b00$c20130527$lBLL01$h0131
=CAT  \\$aBATCH-CLA$b00$c20130630$lBLL01$h1631
=CAT  \\$aIPL-CLA$c20130701$lBLL01$h0134
=CAT  \\$aBATCH-CLA$b00$c20130702$lBLL01$h0203
=CAT  \\$aBATCH-CLA$b00$c20130929$lBLL01$h1619
=CAT  \\$aIPL-CLA$c20130930$lBLL01$h1806
=CAT  \\$aBATCH-CLA$b00$c20131202$lBLL01$h0336
=CAT  \\$aIPL-CLA$c20140101$lBLL01$h0126
=CAT  \\$aBATCH-CLA$b00$c20140327$lBLL01$h1830
=CAT  \\$aIPL-CLA$c20140331$lBLL01$h1637
=CAT  \\$aBATCH-UPD$b00$c20220909$lBLL01$h1848
=CAT  \\$aBATCH-CLA$b00$c20220910$lBLL01$h0109
=CAT  \\$aW2308-1659$c20230923$lBLL01$h1052
=CAT  \\$aBATCH-CLA$b00$c20230924$lBLL01$h0649
=CFI  0\$aBritish Library not licensed to copy$c0$e01-apr-2014$hC$iCFP Excluded$5Uk
=FIN  \\$aY$d20100115
=FMT  \\$a  BK
=LAS  \\$aBATCH-CLA$b00$c20230924$lBLL01$h0649
=SID  \\$aZ39$bOCLC
=TCO  \\$aTRS$bCCC$c008

