=LDR  03826cam a22005777a 4500
=001  015465089
=003  Uk
=005  20230924064941.0
=008  100111s2009\\\\mauk\\\\\b\\\\000\0\eng\\
=035  \\$a(OCoLC)496822121
=040  \\$aLOL$cLOL$dUk
=042  \\$aukblderived
=245  00$aCross sectional facts for macroeconomists /$cDirk Krueger, Fabrizio Perri, Luigi Pistaferri, Giovanni L. Violante.
=260  \\$aCambridge, MA :$bNational Bureau of Economic Research,$cc2009.
=300  \\$a22 p. :$btables ;$c21 cm.
=336  \\$atext$2rdacontent
=337  \\$aunmediated$2rdamedia
=338  \\$avolume$2rdacarrier
=490  1\$aNBER working paper series ;$vworking paper 15554
=504  \\$aIncludes bibliographical references.
=520  3\$a"This paper provides an introduction to the special issue of the Review of Economic Dynamics on "Cross Sectional Facts for Macroeconomists''. The issue documents, for nine countries, the level and the evolution, over time and over the life cycle, of several dimensions of economic inequality, including wages, labor earnings, income, consumption, and wealth. After describing the motivation and the common methodology underlying this empirical project, we discuss selected results, with an emphasis on cross-country comparisons. Most, but not all, countries experienced substantial increases in wages and earnings inequality, over the last three decades. While the trend in the skill premium differed widely across countries, the experience premium rose and the gender premium fell virtually everywhere. At a higher frequency, earnings inequality appears to be strongly counter-cyclical. In all countries, government redistribution through taxes and transfers reduced the level, the trend and the cyclical fluctuations in income inequality. The rise in income inequality was stronger at the bottom of the distribution. Consumption inequality increased less than disposable income inequality, and tracked the latter much more closely at the top than at the bottom of the distribution. Measuring the age-profile of inequality is challenging because of the interplay of time and cohort effects"--National Bureau of Economic Research web site.
=540  \\$aBritish Library not licensed to copy$c0$5Uk
=650  \0$aIncome distribution$xEconometric models.
=700  1\$aKrueger, Dirk.
=710  2\$aNational Bureau of Economic Research.
=830  \0$aWorking paper series (National Bureau of Economic Research : Online) ;$vworking paper no. 15554.
=852  41$aBritish Library$bDSC$j6067.719500$ino. 15554
=856  40$uhttp://www.nber.org/papers/w15554
=856  4\$uhttp://papers.nber.org/papers/15554$zAn electronic book accessible through the World Wide Web; click for information
=ACF  \\$aBritish Library not licensed to copy$c0$e01-oct-2013$hC$iCFP Excluded$5Uk
=CAT  \\$a7233$b40$c20100115$lBLL01$h1106
=CAT  \\$aBATCH-CLA$b00$c20130527$lBLL01$h0131
=CAT  \\$aBATCH-CLA$b00$c20130630$lBLL01$h1631
=CAT  \\$aIPL-CLA$c20130701$lBLL01$h0134
=CAT  \\$aBATCH-CLA$b00$c20130702$lBLL01$h0203
=CAT  \\$aBATCH-CLA$b00$c20130929$lBLL01$h1619
=CAT  \\$aIPL-CLA$c20130930$lBLL01$h1806
=CAT  \\$aBATCH-CLA$b00$c20131202$lBLL01$h0336
=CAT  \\$aIPL-CLA$c20140101$lBLL01$h0126
=CAT  \\$aBATCH-CLA$b00$c20140327$lBLL01$h1830
=CAT  \\$aIPL-CLA$c20140331$lBLL01$h1637
=CAT  \\$aBATCH-UPD$b00$c20220113$lBLL01$h2056
=CAT  \\$aBATCH-CLA$b00$c20220114$lBLL01$h0103
=CAT  \\$aW2308-1659$c20230923$lBLL01$h1052
=CAT  \\$aBATCH-CLA$b00$c20230924$lBLL01$h0649
=CFI  0\$aBritish Library not licensed to copy$c0$e01-apr-2014$hC$iCFP Excluded$5Uk
=FIN  \\$aY$d20100115
=FMT  \\$a  BK
=LAS  \\$aBATCH-CLA$b00$c20230924$lBLL01$h0649
=SID  \\$aZ39$bOCLC
=TCO  \\$aTRS$bCCC$c008

