=LDR  03983cam a22006257a 4500
=001  015465192
=003  Uk
=005  20230924064941.0
=008  100111s2009\\\\maua\\\\\b\\\\000\0\eng\\
=035  \\$a(OCoLC)496820723
=040  \\$aLOL$cLOL$dUk
=042  \\$aukblderived
=100  1\$aKrueger, Dirk.
=245  10$aPublic versus private risk sharing /$cDirk Krueger, Fabrizio Perri.
=260  \\$aCambridge, MA :$bNational Bureau of Economic Research,$cc2009.
=300  \\$a38 p. :$bill. ;$c21 cm.
=336  \\$atext$2rdacontent
=337  \\$aunmediated$2rdamedia
=338  \\$avolume$2rdacarrier
=490  1\$aNBER working paper series ;$vworking paper 15582
=504  \\$aIncludes bibliographical references.
=520  3\$a"Can public insurance through redistributive income taxation improve the allocation of risk in an economy in which private risk sharing is limited? The answer depends crucially on the fundamental friction that limits private risk sharing in the first place. If risk sharing is incomplete because some insurance markets are missing for model-exogenous reasons (as in Bewley, 1986 and Aiyagari, 1994) publicly provided risk sharing via a tax system generally improves on the allocation of risk. If instead private insurance markets exist but their use is limited by the absence of complete enforcement (as in Kehoe and Levine, 1993 and Kocherlakota, 1996) then the provision of public insurance can crowd out private insurance to such an extent that total consumption insurance is reduced. By reducing income risk the tax system increases the value of being excluded from private insurance markets and hence weakens the enforcement mechanism of these contracts. In this paper we theoretically characterize and numerically compute equilibria in an economy with limited enforcement and a continuum of agents facing realistic income risk and tax systems with various degrees of risk reduction (progressivity). We find that the crowding-out effect of public insurance on private insurance in the limited enforcement model can be quantitatively important, as is the positive insurance effect of taxation in the Bewley model"--National Bureau of Economic Research web site.
=540  \\$aBritish Library not licensed to copy$c0$5Uk
=650  \0$aInsurance$xEconometric models.
=650  \0$aPublic welfare$xEconometric models.
=650  \0$aProgressive taxation.
=700  1\$aPerri, Fabrizio$c(Monetary advisor)
=710  2\$aNational Bureau of Economic Research.
=830  \0$aWorking paper series (National Bureau of Economic Research : Online) ;$vworking paper no. 15582.
=852  41$aBritish Library$bDSC$j6067.719500$ino. 15582
=856  40$uhttp://www.nber.org/papers/w15582
=856  4\$uhttp://papers.nber.org/papers/15582$zAn electronic book accessible through the World Wide Web; click for information
=ACF  \\$aBritish Library not licensed to copy$c0$e01-oct-2013$hC$iCFP Excluded$5Uk
=CAT  \\$a7233$b40$c20100115$lBLL01$h1210
=CAT  \\$aBATCH-CLA$b00$c20130527$lBLL01$h0131
=CAT  \\$aBATCH-CLA$b00$c20130630$lBLL01$h1631
=CAT  \\$aIPL-CLA$c20130701$lBLL01$h0134
=CAT  \\$aBATCH-CLA$b00$c20130702$lBLL01$h0203
=CAT  \\$aBATCH-CLA$b00$c20130929$lBLL01$h1619
=CAT  \\$aIPL-CLA$c20130930$lBLL01$h1806
=CAT  \\$aBATCH-CLA$b00$c20131202$lBLL01$h0336
=CAT  \\$aIPL-CLA$c20140101$lBLL01$h0126
=CAT  \\$aBATCH-CLA$b00$c20140327$lBLL01$h1830
=CAT  \\$aIPL-CLA$c20140331$lBLL01$h1637
=CAT  \\$a9668$b40$c20141002$lBLL01$h1520
=CAT  \\$aBATCH-UPD$b40$c20220113$lBLL01$h2056
=CAT  \\$aBATCH-CLA$b00$c20220114$lBLL01$h0103
=CAT  \\$aW2308-1659$c20230923$lBLL01$h1052
=CAT  \\$aBATCH-CLA$b00$c20230924$lBLL01$h0649
=CFI  0\$aBritish Library not licensed to copy$c0$e01-apr-2014$hC$iCFP Excluded$5Uk
=FIN  \\$aY$d20100115
=FMT  \\$a  BK
=LAS  \\$aBATCH-CLA$b00$c20230924$lBLL01$h0649
=SID  \\$aZ39$bOCLC
=TCO  \\$aTRS$bCCC$c008

