=LDR  04024cam a22006377a 4500
=001  015465196
=003  Uk
=005  20230924064941.0
=008  100113s2009\\\\maua\\\\\b\\\\000\0\eng\\
=035  \\$a(OCoLC)497891422
=040  \\$aLOL$cLOL$dUk
=042  \\$aukblderived
=043  \\$an-us---
=100  1\$aGelber, Alexander M.
=245  10$aTaxes and time allocation :$bevidence from single women /$cAlexander M. Gelber, Joshua W. Mitchell.
=260  \\$aCambridge, MA :$bNational Bureau of Economic Research,$cc2009.
=300  \\$a41 p. :$bill. ;$c21 cm.
=336  \\$atext$2rdacontent
=337  \\$aunmediated$2rdamedia
=338  \\$avolume$2rdacarrier
=490  1\$aNBER working paper series ;$vworking paper 15583
=504  \\$aIncludes bibliographical references.
=520  3\$a"Hundreds of papers have investigated how incentives and policies affect hours worked in the market. This paper examines how income taxes affect time allocation in the other two-thirds of the day. Using the Panel Study of Income Dynamics from 1975 to 2004, we analyze the response of single women's housework, labor supply, and other time to variation in tax and transfer schedules across income levels, number of children, states, and time. We find that when the economic reward to participating in the labor force increases, market work increases and housework decreases, with the decrease in housework accounting for approximately two-thirds of the increase in market work. Analysis of repeated cross-sections of time diary data from 1975 to 2004 shows that changes in "home production" account for at least half of the increase in market hours of work in response to policy changes. Data on expenditures from the Consumer Expenditure Survey from 1980 to 2003 show some evidence that expenditures on market goods likely to substitute for housework increase in response to a greater incentive to join the labor force. The baseline estimates imply that the elasticity of substitution between consumption of home and market goods is 2.43. The results are consistent with the classic time allocation model of Becker (1965)"--National Bureau of Economic Research web site.
=540  \\$aBritish Library not licensed to copy$c0$5Uk
=650  \0$aSingle women$xTime management$zUnited States$xEconometric models.
=650  \0$aHousekeeping$zUnited States$xEconometric models.
=650  \0$aSingle women$xEmployment$zUnited States$xEconometric models.
=700  1\$aMitchell, Joshua.
=710  2\$aNational Bureau of Economic Research.
=830  \0$aWorking paper series (National Bureau of Economic Research : Online) ;$vworking paper no. 15583.
=852  41$aBritish Library$bDSC$j6067.719500$ino. 15583
=856  40$uhttp://www.nber.org/papers/w15583
=856  4\$uhttp://papers.nber.org/papers/15583$zAn electronic book accessible through the World Wide Web; click for information
=856  40$uhttp://papers.nber.org/papers/w15583
=ACF  \\$aBritish Library not licensed to copy$c0$e01-oct-2013$hC$iCFP Excluded$5Uk
=CAT  \\$a7233$b40$c20100115$lBLL01$h1212
=CAT  \\$aBATCH-CLA$b00$c20130527$lBLL01$h0131
=CAT  \\$aBATCH-CLA$b00$c20130630$lBLL01$h1631
=CAT  \\$aIPL-CLA$c20130701$lBLL01$h0134
=CAT  \\$aBATCH-CLA$b00$c20130702$lBLL01$h0203
=CAT  \\$aBATCH-CLA$b00$c20130929$lBLL01$h1619
=CAT  \\$aIPL-CLA$c20130930$lBLL01$h1806
=CAT  \\$aBATCH-CLA$b00$c20131202$lBLL01$h0336
=CAT  \\$aIPL-CLA$c20140101$lBLL01$h0126
=CAT  \\$aBATCH-CLA$b00$c20140327$lBLL01$h1830
=CAT  \\$aIPL-CLA$c20140331$lBLL01$h1637
=CAT  \\$aBATCH-UPD$b00$c20220909$lBLL01$h1849
=CAT  \\$aBATCH-CLA$b00$c20220910$lBLL01$h0109
=CAT  \\$aW2308-1659$c20230923$lBLL01$h1052
=CAT  \\$aBATCH-CLA$b00$c20230924$lBLL01$h0649
=CFI  0\$aBritish Library not licensed to copy$c0$e01-apr-2014$hC$iCFP Excluded$5Uk
=FIN  \\$aY$d20100115
=FMT  \\$a  BK
=LAS  \\$aBATCH-CLA$b00$c20230924$lBLL01$h0649
=SID  \\$aZ39$bOCLC
=TCO  \\$aTRS$bCCC$c008

