=LDR  03306cam a22006257a 4500
=001  015465207
=003  Uk
=005  20230924064941.0
=008  100114s2009\\\\mau\\\\\\b\\\\000\0\eng\\
=035  \\$a(OCoLC)498400880
=040  \\$aLOL$cLOL$dUk
=042  \\$aukblderived
=100  1\$aCohen, Alma.
=245  10$aTesting for adverse selection in insurance markets /$cAlma Cohen, Peter Siegelman.
=260  \\$aCambridge, MA :$bNational Bureau of Economic Research,$cc2009.
=300  \\$a36, R9, T3 p. ;$c21 cm.
=336  \\$atext$2rdacontent
=337  \\$aunmediated$2rdamedia
=338  \\$avolume$2rdacarrier
=490  1\$aNBER working paper series ;$vworking paper 15586
=504  \\$aIncludes bibliographical references.
=520  3\$a"This paper reviews and evaluates the empirical literature on adverse selection in insurance markets. We focus on empirical work that seeks to test the basic coverage-risk prediction of adverse selection theory-that is, that policyholders who purchase more insurance coverage tend to be riskier. The analysis of this body of work, we argue, indicates that whether such a correlation exists varies across insurance markets and pools of insurance policies. We discuss various reasons why a coverage-risk correlation may be found in some pools of insurance policies but not in others. We also review the work on the disentangling of adverse selection and moral hazard and on learning by policyholders and insurers"--National Bureau of Economic Research web site.
=540  \\$aBritish Library not licensed to copy$c0$5Uk
=650  \0$aAdverse selection (Insurance)
=700  1\$aSiegelman, Peter$c(Professor of law)
=710  2\$aNational Bureau of Economic Research.
=830  \0$aWorking paper series (National Bureau of Economic Research : Online) ;$vworking paper no. 15586.
=852  41$aBritish Library$bDSC$j6067.719500$ino. 15586
=856  40$uhttp://www.nber.org/papers/w15586
=856  4\$uhttp://papers.nber.org/papers/15586$zAn electronic book accessible through the World Wide Web; click for information
=ACF  \\$aBritish Library not licensed to copy$c0$e01-oct-2013$hC$iCFP Excluded$5Uk
=CAT  \\$a7233$b40$c20100115$lBLL01$h1223
=CAT  \\$aBATCH-CLA$b00$c20130527$lBLL01$h0131
=CAT  \\$aBATCH-CLA$b00$c20130630$lBLL01$h1631
=CAT  \\$aIPL-CLA$c20130701$lBLL01$h0134
=CAT  \\$aBATCH-CLA$b00$c20130702$lBLL01$h0203
=CAT  \\$aBATCH-CLA$b00$c20130929$lBLL01$h1619
=CAT  \\$aIPL-CLA$c20130930$lBLL01$h1806
=CAT  \\$aBATCH-CLA$b00$c20131202$lBLL01$h0336
=CAT  \\$aIPL-CLA$c20140101$lBLL01$h0126
=CAT  \\$aBATCH-CLA$b00$c20140327$lBLL01$h1830
=CAT  \\$aIPL-CLA$c20140331$lBLL01$h1637
=CAT  \\$a5100$b40$c20150714$lBLL01$h1423
=CAT  \\$aBATCH-UPD$b40$c20150714$lBLL01$h1425
=CAT  \\$aBATCH-CLA$b00$c20150715$lBLL01$h0135
=CAT  \\$aBATCH-UPD$b00$c20170722$lBLL01$h1724
=CAT  \\$aBATCH-CLA$b00$c20170723$lBLL01$h0114
=CAT  \\$aW2308-1659$c20230923$lBLL01$h1052
=CAT  \\$aBATCH-CLA$b00$c20230924$lBLL01$h0649
=CFI  0\$aBritish Library not licensed to copy$c0$e01-apr-2014$hC$iCFP Excluded$5Uk
=FIN  \\$aY$d20100115
=FMT  \\$a  BK
=LAS  \\$aBATCH-CLA$b00$c20230924$lBLL01$h0649
=SID  \\$aZ39$bOCLC
=TCO  \\$aTRS$bCCC$c008

