=LDR  03181cam a22005897a 4500
=001  015465929
=003  Uk
=005  20230924064941.0
=008  100111s2009\\\\maua\\\\\b\\\\000\0\eng\\
=035  \\$a(OCoLC)496822086
=040  \\$aLOL$cLOL$dUk
=042  \\$aukblderived
=100  1\$aKaplow, Louis.
=245  10$aUtility from accumulation /$cLouis Kaplow.
=260  \\$aCambridge, MA :$bNational Bureau of Economic Research,$cc2009.
=300  \\$a9 p. :$bill. ;$c21 cm.
=336  \\$atext$2rdacontent
=337  \\$aunmediated$2rdamedia
=338  \\$avolume$2rdacarrier
=490  1\$aNBER working paper series ;$vworking paper 15595
=500  \\$a"December 2009".
=504  \\$aIncludes bibliographical references (p. 9).
=520  3\$a"The possibility that individuals may derive utility from the mere fact of holding wealth has long been recognized. A simple intertemporal model featuring utility from accumulation is used here to examine consumption and savings, the choice between inter vivos gifts and bequests (both to descendants and to charities), and levels of annuitization. Introducing utility from accumulation helps to explain a number of empirical regularities that otherwise seem inconsistent with optimizing behavior. Moreover, because individuals who derive significant utility from accumulation will tend to save more and, in the long run, give more than others do, this source of utility may be especially important in analyzing savings behavior, gifts and bequests, and charitable contributions"--National Bureau of Economic Research web site.
=540  \\$aBritish Library not licensed to copy$c0$5Uk
=650  \0$aSaving and investment$xEconometric models.
=710  2\$aNational Bureau of Economic Research.
=830  \0$aWorking paper series (National Bureau of Economic Research : Online) ;$vworking paper no. 15595.
=852  41$aBritish Library$bDSC$j6067.719500$ino. 15595
=856  40$uhttp://www.nber.org/papers/w15595
=856  4\$uhttp://papers.nber.org/papers/15595$zAn electronic book accessible through the World Wide Web; click for information
=ACF  \\$aBritish Library not licensed to copy$c0$e01-oct-2013$hC$iCFP Excluded$5Uk
=CAT  \\$a7233$b40$c20100118$lBLL01$h1055
=CAT  \\$aBATCH-CLA$b00$c20130527$lBLL01$h0131
=CAT  \\$aBATCH-CLA$b00$c20130630$lBLL01$h1631
=CAT  \\$aIPL-CLA$c20130701$lBLL01$h0134
=CAT  \\$aBATCH-CLA$b00$c20130702$lBLL01$h0203
=CAT  \\$aBATCH-CLA$b00$c20130929$lBLL01$h1619
=CAT  \\$aIPL-CLA$c20130930$lBLL01$h1806
=CAT  \\$aBATCH-CLA$b00$c20131202$lBLL01$h0336
=CAT  \\$aIPL-CLA$c20140101$lBLL01$h0126
=CAT  \\$aBATCH-CLA$b00$c20140327$lBLL01$h1830
=CAT  \\$aIPL-CLA$c20140331$lBLL01$h1637
=CAT  \\$aBATCH-UPD$b00$c20210612$lBLL01$h1720
=CAT  \\$aBATCH-CLA$b00$c20210613$lBLL01$h0601
=CAT  \\$aW2308-1659$c20230923$lBLL01$h1052
=CAT  \\$aBATCH-CLA$b00$c20230924$lBLL01$h0649
=CFI  0\$aBritish Library not licensed to copy$c0$e01-apr-2014$hC$iCFP Excluded$5Uk
=FIN  \\$aY$d20100118
=FMT  \\$a  BK
=LAS  \\$aBATCH-CLA$b00$c20230924$lBLL01$h0649
=SID  \\$aZ39$bOCLC
=TCO  \\$aTRS$bCCC$c008

