=LDR  04015cam a22006257a 4500
=001  015471910
=003  Uk
=005  20230924064941.0
=008  100114s2009\\\\maua\\\\\b\\\\000\0\eng\\
=035  \\$a(OCoLC)498397009
=040  \\$aLOL$cLOL
=042  \\$aukblderived
=043  \\$an-us---
=100  1\$aDella Vigna, Stefano.
=245  10$aTesting for altruism and social pressure in charitable giving /$cStefano DellaVigna, John A. List, Ulrike Malmendier.
=260  \\$aCambridge, MA :$bNational Bureau of Economic Research,$cc2009.
=300  \\$a48 p. :$bill. ;$c21 cm.
=336  \\$atext$2rdacontent
=337  \\$aunmediated$2rdamedia
=338  \\$avolume$2rdacarrier
=490  1\$aNBER working paper series ;$vworking paper 15629
=504  \\$aIncludes bibliographical references.
=520  3\$a"The NBER Bulletin on Aging and Health provides summaries of publications like this. You can sign up to receive the NBER Bulletin on Aging and Health by email. Every year, 90 percent of Americans give money to charities. Is such generosity necessarily welfare enhancing for the giver? We present a theoretical framework that distinguishes two types of motivation: individuals like to give, e.g., due to altruism or warm glow, and individuals would rather not give but dislike saying no, e.g., due to social pressure. We design a door-to-door fund-raising drive in which some households are informed about the exact time of solicitation with a flyer on their door-knobs; thus, they can seek or avoid the fund-raiser. We find that the flyer reduces the share of households opening the door by 10 to 25 percent and, if the flyer allows checking a 'Do Not Disturb' box, reduces giving by 30 percent. The latter decrease is concentrated among donations smaller than {dollar}10. These findings suggest that social pressure is an important determinant of door-to-door giving. Combining data from this and a complementary field experiment, we structurally estimate the model. The estimated social pressure cost of saying no to a solicitor is {dollar}3.5 for an in-state charity and {dollar}1.4 for an out-of-state charity. Our welfare calculations suggest that our door-to-door fund-raising campaigns on average lower utility of the potential donors"--National Bureau of Economic Research web site.
=540  \\$aBritish Library not licensed to copy$c0$5Uk
=650  \0$aCharities$xSocial aspects$zUnited States.
=650  \0$aAltruism$xSocial aspects$zUnited States.
=700  1\$aList, John A.,$d1968-
=700  1\$aMalmendier, Ulrike.
=710  2\$aNational Bureau of Economic Research.
=830  \0$aWorking paper series (National Bureau of Economic Research : Online) ;$vworking paper no. 15629.
=852  41$aBritish Library$bDSC$j6067.719500$ino.15629
=856  40$uhttp://www.nber.org/papers/w15629
=856  4\$uhttp://papers.nber.org/papers/15629$zAn electronic book accessible through the World Wide Web; click for information
=ACF  \\$aBritish Library not licensed to copy$c0$e01-oct-2013$hC$iCFP Excluded$5Uk
=CAT  \\$a9504$b40$c20100125$lBLL01$h1401
=CAT  \\$aBATCH-CLA$b00$c20130527$lBLL01$h0131
=CAT  \\$aBATCH-CLA$b00$c20130630$lBLL01$h1631
=CAT  \\$aIPL-CLA$c20130701$lBLL01$h0134
=CAT  \\$aBATCH-CLA$b00$c20130702$lBLL01$h0203
=CAT  \\$aBATCH-CLA$b00$c20130929$lBLL01$h1619
=CAT  \\$aIPL-CLA$c20130930$lBLL01$h1806
=CAT  \\$aBATCH-CLA$b00$c20131202$lBLL01$h0336
=CAT  \\$aIPL-CLA$c20140101$lBLL01$h0126
=CAT  \\$aBATCH-CLA$b00$c20140327$lBLL01$h1830
=CAT  \\$aIPL-CLA$c20140331$lBLL01$h1637
=CAT  \\$aBATCH-UPD$b00$c20170510$lBLL01$h1713
=CAT  \\$aBATCH-CLA$b00$c20170511$lBLL01$h0107
=CAT  \\$aW2308-1659$c20230923$lBLL01$h1052
=CAT  \\$aBATCH-CLA$b00$c20230924$lBLL01$h0649
=CFI  0\$aBritish Library not licensed to copy$c0$e01-apr-2014$hC$iCFP Excluded$5Uk
=FIN  \\$aY$d20100125
=FMT  \\$a  BK
=LAS  \\$aBATCH-CLA$b00$c20230924$lBLL01$h0649
=SID  \\$aZ39$bOCLC
=TCO  \\$aTRS$bCCC$c008

