=LDR  03422cam a22006257a 4500
=001  015477129
=003  Uk
=005  20230924064941.0
=008  100128s2010\\\\maua\\\\\b\\\\000\0\eng\d
=035  \\$a(OCoLC)502268180
=040  \\$aLOL$cLOL$dUk
=042  \\$aukblderived
=100  1\$aChetty, Raj.
=245  10$aBounds on elasticities with optimization frictions :$ba synthesis of micro and macro evidence on labor supply /$cRaj Chetty.
=260  \\$aCambridge, Mass. :$bNational Bureau of Economic Research,$cc2010.
=300  \\$a49, [13] p.) :$bill. ;$c21 cm.
=336  \\$atext$2rdacontent
=337  \\$aunmediated$2rdamedia
=338  \\$avolume$2rdacarrier
=490  1\$aNBER working paper series ;$vno. 15616
=500  \\$a"January 2010".
=500  \\$aTitle from http://www.nber.org/papers/w15616 viewed January 19, 2010.
=504  \\$aIncludes bibliographical references (p. 41-45).
=520  \\$aI derive bounds on price elasticities in a dynamic model that is mis-specified due to optimization frictions such as adjustment costs or inattention. The bounds are a function of the observed effect of a price change on demand, the size of the price change, and the degree of frictions. I measure the degree of frictions by the utility losses agents tolerate to make choices that deviate from the frictionless optimum. I apply these bounds to the literature on taxation and labor supply, allowing for frictions of 1% of consumption in choosing labor supply. Such small frictions reconcile the difference between micro and macro elasticities, extensive and intensive margin elasticities, and several other disparate findings. Pooling estimates from twenty existing studies yields bounds on the intensive margin labor supply elasticity of (0.47,0.54).
=540  \\$aBritish Library not licensed to copy$c0$5Uk
=650  \0$aElasticity (Economics)$xEconometric models.
=650  \0$aLabor supply$xEconometric models.
=650  \0$aTaxation.
=710  2\$aNational Bureau of Economic Research.
=830  \0$aWorking paper series (National Bureau of Economic Research) ;$vno. 15616.
=852  41$aBritish Library$bDSC$j6067.719500$ino. 15616
=856  4\$uhttp://papers.nber.org/papers/15616$zAn electronic book accessible through the World Wide Web; click for information
=856  40$uhttp://www.nber.org/papers/w15616
=ACF  \\$aBritish Library not licensed to copy$c0$e01-oct-2013$hC$iCFP Excluded$5Uk
=CAT  \\$a7233$b40$c20100201$lBLL01$h1040
=CAT  \\$a7233$b40$c20100201$lBLL01$h1042
=CAT  \\$aBATCH-CLA$b00$c20130527$lBLL01$h0131
=CAT  \\$aBATCH-CLA$b00$c20130630$lBLL01$h1631
=CAT  \\$aIPL-CLA$c20130701$lBLL01$h0134
=CAT  \\$aBATCH-CLA$b00$c20130702$lBLL01$h0203
=CAT  \\$aBATCH-CLA$b00$c20130929$lBLL01$h1619
=CAT  \\$aIPL-CLA$c20130930$lBLL01$h1806
=CAT  \\$aBATCH-CLA$b00$c20131202$lBLL01$h0336
=CAT  \\$aIPL-CLA$c20140101$lBLL01$h0127
=CAT  \\$aBATCH-CLA$b00$c20140327$lBLL01$h1830
=CAT  \\$aIPL-CLA$c20140331$lBLL01$h1637
=CAT  \\$aBATCH-UPD$b00$c20180612$lBLL01$h2107
=CAT  \\$aW2308-1659$c20230923$lBLL01$h1052
=CAT  \\$aBATCH-CLA$b00$c20230924$lBLL01$h0649
=CFI  0\$aBritish Library not licensed to copy$c0$e01-apr-2014$hC$iCFP Excluded$5Uk
=FIN  \\$aY$d20100201
=FMT  \\$a  BK
=LAS  \\$aBATCH-CLA$b00$c20230924$lBLL01$h0649
=SID  \\$aZ39$bOCLC
=TCO  \\$aTRS$bCCC$c008

