=LDR  03252cam a22006137a 4500
=001  015477142
=003  Uk
=005  20230924064942.0
=008  100126s2009\\\\maua\\\\\b\\\\000\0\eng\d
=035  \\$a(OCoLC)501967503
=040  \\$aLOL$cLOL$dUk
=042  \\$aukblderived
=043  \\$ae-dk---
=245  00$aAdjustment costs, firm responses, and labor supply elasticities :$bevidence from Danish tax records /$cRaj Chetty ... [et al.].
=260  \\$aCambridge, Mass. :$bNational Bureau of Economic Research,$cc2009.
=300  \\$a62, [29] p. :$bill. ;$c21 cm.
=336  \\$atext$2rdacontent
=337  \\$aunmediated$2rdamedia
=338  \\$avolume$2rdacarrier
=490  1\$aNBER working paper series ;$vno. 15617
=500  \\$a"December 2009".
=500  \\$aTitle from http://www.nber.org/papers/w15617 viewed January 13, 2010.
=504  \\$aIncludes bibliographical references (p. 56-60).
=520  \\$aWe show that adjustment costs for workers interact with hours constraints set by firms to determine the effect of taxes on labor supply. We present evidence supporting three predictions of an equilibrium model in which firms post wage-hours packages and workers pay search costs to find jobs. First, observed labor supply elasticities increase with the size of the tax variation from which they are identified. Second, tax changes that apply to a larger group of workers generate larger responses. Third, firms tailor job offers to match workers' tax preferences. Calibrating our model to match the empirical findings, we find that standard microeconometric methods underestimate structural labor supply elasticities by an order of magnitude.
=540  \\$aBritish Library not licensed to copy$c0$5Uk
=650  \0$aLabor supply$zDenmark$xEconometric models.
=650  \0$aTaxation$zDenmark.
=700  1\$aChetty, Raj.
=710  2\$aNational Bureau of Economic Research.
=830  \0$aWorking paper series (National Bureau of Economic Research) ;$vno. 15617.
=852  41$aBritish Library$bDSC$j6067.719500$ino. 15617
=856  4\$uhttp://papers.nber.org/papers/15617$zAn electronic book accessible through the World Wide Web; click for information
=856  40$uhttp://www.nber.org/papers/w15617
=ACF  \\$aBritish Library not licensed to copy$c0$e01-oct-2013$hC$iCFP Excluded$5Uk
=CAT  \\$a7233$b40$c20100201$lBLL01$h1048
=CAT  \\$aBATCH-CLA$b00$c20130527$lBLL01$h0131
=CAT  \\$aBATCH-CLA$b00$c20130630$lBLL01$h1631
=CAT  \\$aIPL-CLA$c20130701$lBLL01$h0134
=CAT  \\$aBATCH-CLA$b00$c20130702$lBLL01$h0203
=CAT  \\$aBATCH-CLA$b00$c20130929$lBLL01$h1619
=CAT  \\$aIPL-CLA$c20130930$lBLL01$h1806
=CAT  \\$aBATCH-CLA$b00$c20131202$lBLL01$h0336
=CAT  \\$aIPL-CLA$c20140101$lBLL01$h0127
=CAT  \\$aBATCH-CLA$b00$c20140327$lBLL01$h1830
=CAT  \\$aIPL-CLA$c20140331$lBLL01$h1637
=CAT  \\$aBATCH-UPD$b00$c20180612$lBLL01$h2107
=CAT  \\$aW2308-1659$c20230923$lBLL01$h1052
=CAT  \\$aBATCH-CLA$b00$c20230924$lBLL01$h0649
=CFI  0\$aBritish Library not licensed to copy$c0$e01-apr-2014$hC$iCFP Excluded$5Uk
=FIN  \\$aY$d20100201
=FMT  \\$a  BK
=LAS  \\$aBATCH-CLA$b00$c20230924$lBLL01$h0649
=SID  \\$aZ39$bOCLC
=TCO  \\$aTRS$bCCC$c008

