=LDR  03244cam a22006377a 4500
=001  015490985
=003  Uk
=005  20230924064942.0
=008  100208s2010\\\\maua\\\\\b\\\\000\0\eng\d
=035  \\$a(OCoLC)505247542
=040  \\$aLOL$cLOL$dUk
=042  \\$aukblderived
=100  1\$aGraham, John R.,$d1961-
=245  10$aResearch in accounting for income taxes /$cJohn Graham, Jana Raedy, Douglas Shackelford.
=260  \\$aCambridge, Mass. :$bNational Bureau of Economic Research,$c2010.
=300  \\$a123 p. :$bill. ;$c22 cm.
=336  \\$atext$2rdacontent
=337  \\$aunmediated$2rdamedia
=338  \\$avolume$2rdacarrier
=490  1\$aNBER working paper series ;$vno. 15665
=500  \\$a"January 2010".
=500  \\$aTitle from http://www.nber.org/papers/w15665 viewed January 26, 2010.
=504  \\$aIncludes bibliographical references (p. 95-103).
=520  \\$aThis paper comprehensively reviews Accounting for Income Taxes (AFIT). The first half provides background and a primer on AFIT. The second half reviews existing studies in detail and offers suggestions for future research. We emphasize the research questions that have been addressed (most of which relate to whether the tax accounts are used to manage earnings, and whether the tax accounts are priced by equity market participants) and highlight areas that have not received much research attention. We close with a call for a theoretical framework, more study of the inconsistencies between research and practice, and improved econometrics.
=540  \\$aBritish Library not licensed to copy$c0$5Uk
=650  \0$aIncome tax$xAccounting$xResearch.
=700  1\$aRaedy, Jana Smith.
=700  1\$aShackelford, Douglas A.$q(Douglas Alan).
=710  2\$aNational Bureau of Economic Research.
=830  \0$aWorking paper series (National Bureau of Economic Research) ;$vno. 15665.
=852  41$aBritish Library$bDSC$j6067.719500$ino. 15665
=856  4\$uhttp://papers.nber.org/papers/15665$zAn electronic book accessible through the World Wide Web; click for information
=856  40$uhttp://www.nber.org/papers/w15665
=ACF  \\$aBritish Library not licensed to copy$c0$e01-oct-2013$hC$iCFP Excluded$5Uk
=CAT  \\$a7164$b40$c20100217$lBLL01$h1426
=CAT  \\$a7164$b40$c20100217$lBLL01$h1427
=CAT  \\$aBATCH-CLA$b00$c20130527$lBLL01$h0132
=CAT  \\$aBATCH-CLA$b00$c20130630$lBLL01$h1631
=CAT  \\$aIPL-CLA$c20130701$lBLL01$h0134
=CAT  \\$aBATCH-CLA$b00$c20130702$lBLL01$h0203
=CAT  \\$aBATCH-CLA$b00$c20130929$lBLL01$h1619
=CAT  \\$aIPL-CLA$c20130930$lBLL01$h1806
=CAT  \\$aBATCH-CLA$b00$c20131202$lBLL01$h0336
=CAT  \\$aIPL-CLA$c20140101$lBLL01$h0127
=CAT  \\$aBATCH-CLA$b00$c20140327$lBLL01$h1830
=CAT  \\$aIPL-CLA$c20140331$lBLL01$h1637
=CAT  \\$aBATCH-UPD$b00$c20210210$lBLL01$h2039
=CAT  \\$aBATCH-CLA$b00$c20210211$lBLL01$h0104
=CAT  \\$aW2308-1659$c20230923$lBLL01$h1053
=CAT  \\$aBATCH-CLA$b00$c20230924$lBLL01$h0649
=CFI  0\$aBritish Library not licensed to copy$c0$e01-apr-2014$hC$iCFP Excluded$5Uk
=FIN  \\$aY$d20100217
=FMT  \\$a  BK
=LAS  \\$aBATCH-CLA$b00$c20230924$lBLL01$h0649
=SID  \\$aZ39$bOCLC
=TCO  \\$aTRS$bCCC$c008

