=LDR  04612cam a22006497a 4500
=001  015492679
=003  Uk
=005  20230924064942.0
=008  100219s2010\\\\mau\\\\\\b\\\\000\0\eng\d
=035  \\$a(OCoLC)520990449
=040  \\$aLOL$cLOL$dUk
=042  \\$aukblderived
=043  \\$ad------$ae-uk---
=100  1\$aAcemoglu, Daron.
=245  10$aInstitutions, factor prices and taxation :$bvirtues of strong states? /$cDaron Acemoglu.
=260  \\$aCambridge, Mass. :$bNational Bureau of Economic Research,$c2010.
=300  \\$a13 p. ;$c22 cm.
=336  \\$atext$2rdacontent
=337  \\$aunmediated$2rdamedia
=338  \\$avolume$2rdacarrier
=490  1\$aNBER working paper series ;$vno. 15693
=500  \\$a"January 2010".
=500  \\$aTitle from http://www.nber.org/papers/w15693 viewed February 2, 2010.
=504  \\$aIncludes bibliographical references (p. 12-13).
=520  \\$aMany of the most pernicious economic institutions and policies create entry barriers or manipulate factor prices to transfer resources from entrepreneurs and workers to groups that hold political power. These inefficiencies partly result from the fact that direct and efficient fiscal instruments that can be used for taxation and redistribution of resources are absent. One might then conclude that increasing state capacity and expanding the set of available fiscal instruments should improve the allocation of resources by preventing the use of these inefficient, indirect methods of redistribution. This reasoning ignores the effect of greater state capacity and the change in the set of available fiscal instruments on the political equilibrium, however. Because the availability of more efficient means of taxation increases the potential benefits of controlling state power, it also intensifies costly political conflict aimed at capturing the control of the state. This indirect effect counteracts the benefits from more efficient taxation and may dominate the direct benefits. The paper establishes the possibility that the allocation of resources may deteriorate substantially in response to an autonomous increase in state capacity and the set of fiscal instruments. It also argues that in the British case, which is a key historical example that points to the central role of increased state capacity in economic development, this change was not autonomous; instead, it was an equilibrium response to changes in political institutions that placed better checks on the exercise of power by the executive. This reasoning suggests that the study of the effect of fiscal capacity and the evaluation of policies aimed at increasing state capacity in less-developed economies should be done in the context of dynamic models of political economy, in which fiscal capacity and political constraints are jointly determined.
=540  \\$aBritish Library not licensed to copy$c0$5Uk
=650  \0$aEconomic development$xPolitical aspects.
=650  \0$aPublic institutions$xEconomic aspects.
=650  \0$aTaxation$xPolitical aspects.
=651  \0$aGreat Britain$xPolitics and government$xEconomic aspects.
=651  \0$aDeveloping countries$xPolitics and government$xEconomic aspects.
=710  2\$aNational Bureau of Economic Research.
=830  \0$aWorking paper series (National Bureau of Economic Research) ;$vno. 15693.
=852  41$aBritish Library$bDSC$j6067.719500$ino. 15693
=856  4\$uhttp://papers.nber.org/papers/15693$zAn electronic book accessible through the World Wide Web; click for information
=856  40$uhttp://www.nber.org/papers/w15693
=ACF  \\$aBritish Library not licensed to copy$c0$e01-oct-2013$hC$iCFP Excluded$5Uk
=CAT  \\$a7164$b40$c20100222$lBLL01$h1042
=CAT  \\$aBATCH-CLA$b00$c20130527$lBLL01$h0132
=CAT  \\$aBATCH-CLA$b00$c20130630$lBLL01$h1631
=CAT  \\$aIPL-CLA$c20130701$lBLL01$h0134
=CAT  \\$aBATCH-CLA$b00$c20130702$lBLL01$h0203
=CAT  \\$aBATCH-CLA$b00$c20130929$lBLL01$h1619
=CAT  \\$aIPL-CLA$c20130930$lBLL01$h1806
=CAT  \\$aBATCH-CLA$b00$c20131202$lBLL01$h0336
=CAT  \\$aIPL-CLA$c20140101$lBLL01$h0127
=CAT  \\$aBATCH-CLA$b00$c20140327$lBLL01$h1830
=CAT  \\$aIPL-CLA$c20140331$lBLL01$h1637
=CAT  \\$aBATCH-UPD$b00$c20170717$lBLL01$h0528
=CAT  \\$aW2308-1659$c20230923$lBLL01$h1053
=CAT  \\$aBATCH-CLA$b00$c20230924$lBLL01$h0649
=CFI  0\$aBritish Library not licensed to copy$c0$e01-apr-2014$hC$iCFP Excluded$5Uk
=FIN  \\$aY$d20100222
=FMT  \\$a  BK
=LAS  \\$aBATCH-CLA$b00$c20230924$lBLL01$h0649
=SID  \\$aZ39$bOCLC
=TCO  \\$aTRS$bCCC$c008

