=LDR  03176cam a22005897a 4500
=001  015506903
=003  Uk
=005  20230924064942.0
=008  100308s2010\\\\mau\\\\\\b\\\\000\0\eng\d
=035  \\$a(OCoLC)547302813
=040  \\$aLOL$cLOL$dUk
=042  \\$aukblderived
=100  1\$aKopczuk, Wojciech.
=245  10$aEconomics of estate taxation :$ba brief review of theory and evidence /$cWojciech Kopczuk.
=260  \\$aCambridge, Mass. :$bNational Bureau of Economic Research,$cc2010.
=300  \\$a23 p. ;$c21 cm.
=336  \\$atext$2rdacontent
=337  \\$aunmediated$2rdamedia
=338  \\$avolume$2rdacarrier
=490  1\$aNBER working paper series ;$vno. 15741
=500  \\$a"February 2010".
=504  \\$aIncludes bibliographical references (p. 19-23).
=520  \\$aThis paper provides a non-technical overview of the economic arguments related to the desirability of transfer taxation and a summary of empirical evidence surrounding these issues. Understanding optimal transfer taxation throughout the distribution requires understanding the nature of a bequest motive, a topic on which there is little consensus. However, I argue that progress still can be made on the question of desirability and optimal level of estate taxation at the top of the distribution, because interpersonal externalities implied by the presence of bequest motive are irrelevant from the welfare point of view when the focus is on the wealthy. I also examine the role of negative externalities from wealth concentration in providing justification for considering this type of taxation.
=540  \\$aBritish Library not licensed to copy$c0$5Uk
=650  \0$aInheritance and transfer tax$xEconomic aspects.
=710  2\$aNational Bureau of Economic Research.
=830  \0$aWorking paper series (National Bureau of Economic Research) ;$vno. 15741.
=852  41$aBritish Library$bDSC$j6067.719500$ino. 15741
=856  4\$uhttp://papers.nber.org/papers/15741$zAn electronic book accessible through the World Wide Web; click for information
=856  40$uhttp://www.nber.org/papers/w15741
=ACF  \\$aBritish Library not licensed to copy$c0$e01-oct-2013$hC$iCFP Excluded$5Uk
=CAT  \\$a7233$b40$c20100310$lBLL01$h1353
=CAT  \\$aBATCH-CLA$b00$c20130527$lBLL01$h0132
=CAT  \\$aBATCH-CLA$b00$c20130630$lBLL01$h1631
=CAT  \\$aIPL-CLA$c20130701$lBLL01$h0135
=CAT  \\$aBATCH-CLA$b00$c20130702$lBLL01$h0203
=CAT  \\$aBATCH-CLA$b00$c20130929$lBLL01$h1619
=CAT  \\$aIPL-CLA$c20130930$lBLL01$h1806
=CAT  \\$aBATCH-CLA$b00$c20131202$lBLL01$h0336
=CAT  \\$aIPL-CLA$c20140101$lBLL01$h0128
=CAT  \\$aBATCH-CLA$b00$c20140327$lBLL01$h1830
=CAT  \\$aIPL-CLA$c20140331$lBLL01$h1637
=CAT  \\$aBATCH-UPD$b00$c20211217$lBLL01$h2107
=CAT  \\$aBATCH-CLA$b00$c20211218$lBLL01$h0139
=CAT  \\$aW2308-1659$c20230923$lBLL01$h1054
=CAT  \\$aBATCH-CLA$b00$c20230924$lBLL01$h0649
=CFI  0\$aBritish Library not licensed to copy$c0$e01-apr-2014$hC$iCFP Excluded$5Uk
=FIN  \\$aY$d20100310
=FMT  \\$a  BK
=LAS  \\$aBATCH-CLA$b00$c20230924$lBLL01$h0649
=SID  \\$aZ39$bOCLC
=TCO  \\$aTRS$bCCC$c008

