=LDR  02190 am a22005297a 4500
=001  013189343
=003  Uk
=005  20050509085745.0
=008  050503s2005\\\\mau\\\\\\b\\\\000\0\eng\\
=040  \\$aUk$beng$cUk
=100  1\$aCawley, J. C.
=245  14$aThe competitive effects of drug withdrawals :$bthe case of Fen-Phen /$cJohn Cawley, John A. Rizzo.
=260  \\$aCambridge, Mass. :$bNational Bureau of Economic Research,$c2005.
=300  \\$a48 p. ;$c21 cm.
=336  \\$atext$2rdacontent
=337  \\$aunmediated$2rdamedia
=338  \\$avolume$2rdacarrier
=490  1\$aNBER working paper series ;$vworking paper 11223
=504  \\$aIncludes bibliographical references.
=540  \\$aBritish Library not licensed to copy$c0$5Uk
=700  1\$aRizzo, John A.
=710  2\$aNational Bureau of Economic Research.
=830  \0$aWorking paper series (National Bureau of Economic Research) ;$vworking paper no. 11223.
=852  41$aBritish Library$bDSC$j6067.719500$iNumber 11223(2005:Mar.)
=856  40$uhttp://papers.nber.org/papers/W11223
=ACF  \\$aBritish Library not licensed to copy$c0$e01-oct-2013$hC$iCFP Excluded$5Uk
=CAT  \\$a10958$b40$c20050503$lBLL01$h1703
=CAT  \\$a12179$b40$c20050506$lBLL01$h1526
=CAT  \\$a12179$b40$c20050509$lBLL01$h0857
=CAT  \\$aBATCH-UPD$b40$c20070208$lBLL01$h2101
=CAT  \\$aBATCH-UPD$b40$c20101031$lBLL01$h2348
=CAT  \\$aBATCH-CLA$b00$c20130527$lBLL01$h0129
=CAT  \\$aBATCH-CLA$b00$c20130630$lBLL01$h1629
=CAT  \\$aIPL-CLA$c20130701$lBLL01$h0053
=CAT  \\$aBATCH-CLA$b00$c20130702$lBLL01$h0200
=CAT  \\$aBATCH-CLA$b00$c20130929$lBLL01$h1618
=CAT  \\$aIPL-CLA$c20130930$lBLL01$h1743
=CAT  \\$aBATCH-CLA$b00$c20131202$lBLL01$h0324
=CAT  \\$aIPL-CLA$c20131231$lBLL01$h2349
=CAT  \\$aBATCH-CLA$b00$c20140327$lBLL01$h1828
=CAT  \\$aIPL-CLA$c20140331$lBLL01$h1627
=CFI  0\$aBritish Library not licensed to copy$c0$e01-apr-2014$hC$iCFP Excluded$5Uk
=CFI  2\$aBritish Library not licensed to copy$c0$e01-jan-2014$hC$iCFP Excluded$5Uk
=FIN  \\$aY$d20050506
=FMT  \\$a  BK
=LAS  \\$aIPL-CLA$b00$c20140331$lBLL01$h1627
=TCO  \\$aTRS$bCCC$c008

