=LDR  02378 am a2200601 a 4500
=001  013190489
=003  Uk
=005  20050727094924.0
=008  050408s2005\\\\mau\\\\\\b\\\\000\0\eng\\
=010  \\$a  2005617311
=040  \\$aDLC$cDLC$dUk
=050  00$aHB1
=100  1\$aDesai, Mihir A.$q(Mihir Arvind),$d1968-
=245  10$aCorporate tax avoidance and firm value /$cMihir A. Desai, Dhammika Dharmapala.
=260  \\$aCambridge, Mass. :$bNational Bureau of Economic Research,$cc2005.
=300  \\$a25 p. ;$c21 cm.
=336  \\$atext$2rdacontent
=337  \\$aunmediated$2rdamedia
=338  \\$avolume$2rdacarrier
=490  1\$aNBER working paper series ;$vworking paper 11241
=504  \\$aIncludes bibliographical references.
=540  \\$aBritish Library not licensed to copy$c0$5Uk
=650  \0$aTax planning.
=650  \0$aCorporations$xTaxation
=650  \0$aCorporations$xValuation.
=700  1\$aDharmapala, Dhammika$q(Anurudha Udeni Dhammika).
=710  2\$aNational Bureau of Economic Research.
=830  \0$aWorking paper series (National Bureau of Economic Research) ;$vworking paper no. 11241.
=852  41$aBritish Library$bDSC$j6067.719500$iNumber 11241(2005:Mar.)
=856  40$uhttp://papers.nber.org/papers/W11241
=ACF  \\$aBritish Library not licensed to copy$c0$e01-oct-2013$hC$iCFP Excluded$5Uk
=CAT  \\$a10958$b40$c20050504$lBLL01$h0937
=CAT  \\$a12179$b40$c20050509$lBLL01$h0944
=CAT  \\$a12179$b40$c20050727$lBLL01$h0949
=CAT  \\$aBATCH-CLA$b00$c20130527$lBLL01$h0129
=CAT  \\$aBATCH-CLA$b00$c20130630$lBLL01$h1629
=CAT  \\$aIPL-CLA$c20130701$lBLL01$h0053
=CAT  \\$aBATCH-CLA$b00$c20130702$lBLL01$h0200
=CAT  \\$aBATCH-CLA$b00$c20130929$lBLL01$h1618
=CAT  \\$aIPL-CLA$c20130930$lBLL01$h1743
=CAT  \\$aBATCH-CLA$b00$c20131202$lBLL01$h0324
=CAT  \\$aIPL-CLA$c20131231$lBLL01$h2349
=CAT  \\$aBATCH-CLA$b00$c20140327$lBLL01$h1828
=CAT  \\$aIPL-CLA$c20140331$lBLL01$h1627
=CAT  \\$aBATCH-UPD$b00$c20150819$lBLL01$h1718
=CAT  \\$aBATCH-CLA$b00$c20150820$lBLL01$h0123
=CAT  \\$aBATCH-UPD$b00$c20180719$lBLL01$h1611
=CFI  0\$aBritish Library not licensed to copy$c0$e01-apr-2014$hC$iCFP Excluded$5Uk
=FIN  \\$aY$d20050509
=FMT  \\$a  BK
=LAS  \\$aBATCH-UPD$b00$c20180719$lBLL01$h1611
=SRC  \\$aBLL02
=TCO  \\$aTRS$bCCC$c008

