=LDR  02232 am a22005417a 4500
=001  013190493
=003  Uk
=005  20050509085822.0
=008  050504s2005\\\\maua\\\\\b\\\\000\0\eng\\
=040  \\$aUk$beng$cUk
=100  1\$aBeck, Thorsten.
=245  10$aSMEs, growth, and poverty /$cThorsten Beck, Asli Demirgūç-Kunt, Ross Levine.
=260  \\$aCambridge, Mass. :$bNational Bureau of Economic Research,$c2005.
=300  \\$a43 p. :$bill. ;$c21 cm.
=336  \\$atext$2rdacontent
=337  \\$aunmediated$2rdamedia
=338  \\$avolume$2rdacarrier
=490  1\$aNBER working paper series ;$vworking paper 11224
=504  \\$aIncludes bibliographical references.
=540  \\$aBritish Library not licensed to copy$c0$5Uk
=700  1\$aDemirgüç-Kunt, Aslı,$d1961-
=700  1\$aLevine, Ross.
=710  2\$aNational Bureau of Economic Research.
=830  \0$aWorking paper series (National Bureau of Economic Research) ;$vworking paper no. 11224.
=852  41$aBritish Library$bDSC$j6067.719500$iNumber 11224(2005:Mar.)
=856  40$uhttp://papers.nber.org/papers/W11224
=ACF  \\$aBritish Library not licensed to copy$c0$e01-oct-2013$hC$iCFP Excluded$5Uk
=CAT  \\$a10958$b40$c20050504$lBLL01$h0942
=CAT  \\$a12179$b40$c20050506$lBLL01$h1533
=CAT  \\$a12179$b40$c20050509$lBLL01$h0858
=CAT  \\$aBATCH-UPD$b40$c20101031$lBLL01$h2348
=CAT  \\$aBATCH-CLA$b00$c20130527$lBLL01$h0129
=CAT  \\$aBATCH-CLA$b00$c20130630$lBLL01$h1629
=CAT  \\$aIPL-CLA$c20130701$lBLL01$h0053
=CAT  \\$aBATCH-CLA$b00$c20130702$lBLL01$h0200
=CAT  \\$aBATCH-CLA$b00$c20130929$lBLL01$h1618
=CAT  \\$aIPL-CLA$c20130930$lBLL01$h1743
=CAT  \\$aBATCH-CLA$b00$c20131202$lBLL01$h0324
=CAT  \\$aIPL-CLA$c20131231$lBLL01$h2349
=CAT  \\$aBATCH-CLA$b00$c20140327$lBLL01$h1828
=CAT  \\$aIPL-CLA$c20140331$lBLL01$h1627
=CAT  \\$aBATCH-UPD$b00$c20161019$lBLL01$h2026
=CFI  0\$aBritish Library not licensed to copy$c0$e01-apr-2014$hC$iCFP Excluded$5Uk
=CFI  2\$aBritish Library not licensed to copy$c0$e01-jan-2014$hC$iCFP Excluded$5Uk
=FIN  \\$aY$d20050506
=FMT  \\$a  BK
=LAS  \\$aBATCH-UPD$b00$c20161019$lBLL01$h2026
=TCO  \\$aTRS$bCCC$c008

