=LDR  02491cam a22006137a 4500
=001  013190505
=003  Uk
=005  20230924064854.0
=007  cr\bn\
=008  050415s2005\\\\mau\\\\\\\\\\\000\0\eng\d
=040  \\$aGZM$cGZM$dIXA
=043  \\$an-us---
=100  1\$aFogel, Robert William.
=245  10$aChanges in the physiology of aging during the twentieth century /$cRobert W. Fogel.
=260  \\$aCambridge, Mass. :$bNational Bureau of Economic Research,$c2005.
=300  \\$a12 p. ;$c22 cm.
=336  \\$atext$2rdacontent
=337  \\$acomputer$2rdamedia
=338  \\$aonline resource$2rdacarrier
=490  1\$aNBER working paper paper series ;$vno. 11233
=500  \\$a"March 2005."
=530  \\$aAlso available in PDF from the NBER world wide web site (www.nber.org).
=540  \\$aBritish Library not licensed to copy$c0$5Uk
=650  \0$aAging$zUnited States$xHistory.
=650  \0$aAging$xPhysiological aspects.
=710  2\$aNational Bureau of Economic Research.
=830  \0$aWorking paper series (National Bureau of Economic Research) ;$vworking paper no. 11233.
=852  41$aBritish Library$bDSC$j6067.719500$iNumber 11233(2005:Mar.)
=856  41$uClick here to download PDF file$uhttp://www.nber.org/papers/W11233.pdf
=985  \\$aProvisional Record
=ACF  \\$aBritish Library not licensed to copy$c0$e01-oct-2013$hC$iCFP Excluded$5Uk
=CAT  \\$a10958$b40$c20050504$lBLL01$h0949
=CAT  \\$a10958$b40$c20050505$lBLL01$h1058
=CAT  \\$aBATCH-CLA$b00$c20130527$lBLL01$h0129
=CAT  \\$aBATCH-CLA$b00$c20130630$lBLL01$h1629
=CAT  \\$aIPL-CLA$c20130701$lBLL01$h0053
=CAT  \\$aBATCH-CLA$b00$c20130702$lBLL01$h0200
=CAT  \\$aBATCH-CLA$b00$c20130929$lBLL01$h1618
=CAT  \\$aIPL-CLA$c20130930$lBLL01$h1743
=CAT  \\$aBATCH-CLA$b00$c20131202$lBLL01$h0324
=CAT  \\$aIPL-CLA$c20131231$lBLL01$h2349
=CAT  \\$aBATCH-CLA$b00$c20140327$lBLL01$h1828
=CAT  \\$aIPL-CLA$c20140331$lBLL01$h1627
=CAT  \\$a14185$b40$c20230423$lBLL01$h1324
=CAT  \\$aBATCH-CLA$b00$c20230424$lBLL01$h0103
=CAT  \\$aW2306-1299$c20230622$lBLL01$h1652
=CAT  \\$aBATCH-CLA$b00$c20230623$lBLL01$h0110
=CAT  \\$aW2308-1659$c20230923$lBLL01$h0919
=CAT  \\$aBATCH-CLA$b00$c20230924$lBLL01$h0648
=CFI  0\$aBritish Library not licensed to copy$c0$e01-apr-2014$hC$iCFP Excluded$5Uk
=FMT  \\$a  BK
=LAS  \\$aBATCH-CLA$b00$c20230924$lBLL01$h0648
=SID  \\$aZ39$bOCLC
=TCO  \\$aTRS$bCCC$c008

