=LDR  02440 am a2200613 a 4500
=001  013190543
=003  Uk
=005  20050727095009.0
=008  050408s2005\\\\mau\\\\\\b\\\\000\0\eng\\
=010  \\$a  2005617314
=040  \\$aDLC$cDLC$dUk
=043  \\$an-us---
=050  00$aHB1
=100  1\$aTekin, Erdal.
=245  10$aSuicidal behavior and the labor market productivity of young adults /$cErdal Tekin, Sara Markowitz.
=260  \\$aCambridge, Mass. :$bNational Bureau of Economic Research,$cc2005.
=300  \\$a39 p. ;$c21 cm.
=336  \\$atext$2rdacontent
=337  \\$aunmediated$2rdamedia
=338  \\$avolume$2rdacarrier
=490  1\$aNBER working paper series ;$vworking paper 11238
=504  \\$aIncludes bibliographical references.
=540  \\$aBritish Library not licensed to copy$c0$5Uk
=650  \0$aYouth$xSuicidal behavior$zUnited States.
=650  \0$aYouth$xEmployment$zUnited States.
=650  \0$aLabor productivity$zUnited States.
=700  1\$aMarkowitz, Sara.
=710  2\$aNational Bureau of Economic Research.
=830  \0$aWorking paper series (National Bureau of Economic Research) ;$vworking paper no. 11238.
=852  41$aBritish Library$bDSC$j6067.719500$iNumber 11238(2005:Mar.)
=856  40$uhttp://papers.nber.org/papers/W11238
=ACF  \\$aBritish Library not licensed to copy$c0$e01-oct-2013$hC$iCFP Excluded$5Uk
=CAT  \\$a10958$b40$c20050504$lBLL01$h1019
=CAT  \\$a10958$b40$c20050505$lBLL01$h1107
=CAT  \\$a12179$b40$c20050509$lBLL01$h0939
=CAT  \\$a12179$b40$c20050509$lBLL01$h0940
=CAT  \\$a12179$b40$c20050727$lBLL01$h0950
=CAT  \\$aBATCH-CLA$b00$c20130527$lBLL01$h0129
=CAT  \\$aBATCH-CLA$b00$c20130630$lBLL01$h1629
=CAT  \\$aIPL-CLA$c20130701$lBLL01$h0053
=CAT  \\$aBATCH-CLA$b00$c20130702$lBLL01$h0200
=CAT  \\$aBATCH-CLA$b00$c20130929$lBLL01$h1618
=CAT  \\$aIPL-CLA$c20130930$lBLL01$h1743
=CAT  \\$aBATCH-CLA$b00$c20131202$lBLL01$h0324
=CAT  \\$aIPL-CLA$c20131231$lBLL01$h2349
=CAT  \\$aBATCH-CLA$b00$c20140327$lBLL01$h1828
=CAT  \\$aIPL-CLA$c20140331$lBLL01$h1627
=CFI  0\$aBritish Library not licensed to copy$c0$e01-apr-2014$hC$iCFP Excluded$5Uk
=CFI  2\$aBritish Library not licensed to copy$c0$e01-jan-2014$hC$iCFP Excluded$5Uk
=FIN  \\$aY$d20050509
=FMT  \\$a  BK
=LAS  \\$aIPL-CLA$b00$c20140331$lBLL01$h1627
=SRC  \\$aBLL02
=TCO  \\$aTRS$bCCC$c008

