=LDR  02328 am a22006017a 4500
=001  013190556
=003  Uk
=005  20050512110434.0
=008  050331s2005\\\\mau\\\\\\b\\\\000\0\eng\\
=010  \\$a2005617167
=040  \\$aDLC$beng$cDLC$dUk
=050  00$aHB1
=245  00$aSystemic risk and hedge funds /$cNicholas Chan ... [et al.].
=260  \\$aCambridge, Mass. :$bNational Bureau of Economic Research,$c2005.
=300  \\$a106 p. :$bill. ;$c21 cm.
=336  \\$atext$2rdacontent
=337  \\$aunmediated$2rdamedia
=338  \\$avolume$2rdacarrier
=490  1\$aNBER working paper series ;$v11200
=504  \\$aIncludes bibliographical references.
=530  \\$aAlso available via the Internet.
=540  \\$aBritish Library not licensed to copy$c0$5Uk
=650  \0$aHedge funds.
=650  \0$aRisk assessment.
=650  \0$aRisk management.
=700  1\$aChan, Nicholas.
=710  2\$aNational Bureau of Economic Research.
=830  \0$aWorking paper series (National Bureau of Economic Research) ;$vworking paper no. 11200.
=852  41$aBritish Library$bDSC$j6067.719500$iNumber 11200(2005:Mar.)
=856  40$uhttp://papers.nber.org/papers/W11200
=ACF  \\$aBritish Library not licensed to copy$c0$e01-oct-2013$hC$iCFP Excluded$5Uk
=CAT  \\$a10958$b40$c20050504$lBLL01$h1028
=CAT  \\$a12179$b40$c20050506$lBLL01$h1453
=CAT  \\$a12179$b40$c20050506$lBLL01$h1501
=CAT  \\$a12179$b40$c20050509$lBLL01$h0856
=CAT  \\$a6506$b40$c20050512$lBLL01$h1104
=CAT  \\$aBATCH-CLA$b00$c20130527$lBLL01$h0129
=CAT  \\$aBATCH-CLA$b00$c20130630$lBLL01$h1629
=CAT  \\$aIPL-CLA$c20130701$lBLL01$h0053
=CAT  \\$aBATCH-CLA$b00$c20130702$lBLL01$h0200
=CAT  \\$aBATCH-CLA$b00$c20130929$lBLL01$h1618
=CAT  \\$aIPL-CLA$c20130930$lBLL01$h1743
=CAT  \\$aBATCH-CLA$b00$c20131202$lBLL01$h0324
=CAT  \\$aIPL-CLA$c20131231$lBLL01$h2349
=CAT  \\$aBATCH-CLA$b00$c20140327$lBLL01$h1828
=CAT  \\$aIPL-CLA$c20140331$lBLL01$h1627
=CFI  0\$aBritish Library not licensed to copy$c0$e01-apr-2014$hC$iCFP Excluded$5Uk
=CFI  2\$aBritish Library not licensed to copy$c0$e01-jan-2014$hC$iCFP Excluded$5Uk
=FIN  \\$aY$d20050512
=FMT  \\$a  BK
=LAS  \\$aIPL-CLA$b00$c20140331$lBLL01$h1627
=SRC  \\$aBLL02
=TCO  \\$aTRS$bCCC$c008

