=LDR  02365cam a22005897a 4500
=001  013190575
=003  Uk
=005  20230924064854.0
=008  050404s2005\\\\mau\\\\\\b\\\\000\0\eng\d
=010  \\$a2005617315
=040  \\$aOUNN$cOUN$dDLC$dUk
=043  \\$an-us---
=100  1\$aAghion, Philippe.
=245  10$aChoosing electoral rules :$btheory and evidence from U.S. cities /$cPhilippe Aghion, Alberto Alesina, Francesco Trebbi.
=260  \\$aCambridge, Mass. :$bNational Bureau of Economic Research,$c2005.
=300  \\$a46 p. ;$c21 cm.
=336  \\$atext$2rdacontent
=337  \\$aunmediated$2rdamedia
=338  \\$avolume$2rdacarrier
=490  1\$aNBER working paper paper series ;$vno. 11236
=504  \\$aIncludes bibliographical references (p. 41-44)
=540  \\$aBritish Library not licensed to copy$c0$5Uk
=650  \0$aApportionment (Election law)$zUnited States.
=650  \0$aMinorities$zUnited States$xPolitical activity.
=700  1\$aAlesina, Alberto.
=700  1\$aTrebbi, Francesco.
=710  2\$aNational Bureau of Economic Research.
=830  \0$aWorking paper series (National Bureau of Economic Research) ;$vno. 11236.
=852  41$aBritish Library$bDSC$j6067.719500$iNumber 11236(2005:Mar.)
=856  4\$uhttp://papers.nber.org/papers/11236
=ACF  \\$aBritish Library not licensed to copy$c0$e01-oct-2013$hC$iCFP Excluded$5Uk
=CAT  \\$a10958$b40$c20050504$lBLL01$h1040
=CAT  \\$a12179$b40$c20050509$lBLL01$h0918
=CAT  \\$aBATCH-UPD$b40$c20101031$lBLL01$h2348
=CAT  \\$aBATCH-CLA$b00$c20130527$lBLL01$h0129
=CAT  \\$aBATCH-CLA$b00$c20130630$lBLL01$h1629
=CAT  \\$aIPL-CLA$c20130701$lBLL01$h0053
=CAT  \\$aBATCH-CLA$b00$c20130702$lBLL01$h0200
=CAT  \\$aBATCH-CLA$b00$c20130929$lBLL01$h1618
=CAT  \\$aIPL-CLA$c20130930$lBLL01$h1743
=CAT  \\$aBATCH-CLA$b00$c20131202$lBLL01$h0324
=CAT  \\$aIPL-CLA$c20131231$lBLL01$h2349
=CAT  \\$aBATCH-CLA$b00$c20140327$lBLL01$h1828
=CAT  \\$aIPL-CLA$c20140331$lBLL01$h1627
=CAT  \\$aW2308-1659$c20230923$lBLL01$h0919
=CAT  \\$aBATCH-CLA$b00$c20230924$lBLL01$h0648
=CFI  0\$aBritish Library not licensed to copy$c0$e01-apr-2014$hC$iCFP Excluded$5Uk
=FIN  \\$aY$d20050509
=FMT  \\$a  BK
=LAS  \\$aBATCH-CLA$b00$c20230924$lBLL01$h0648
=SID  \\$aZ39$bOCLC
=TCO  \\$aTRS$bCCC$c008

