=LDR  02107 am a22005057a 4500
=001  013190590
=003  Uk
=005  20050509090839.0
=008  050504s2005\\\\maua\\\\\b\\\\000\0\eng\\
=040  \\$aUk$beng$cUk
=100  1\$aAizenman, Joshua.
=245  10$aGlobalization and taste convergence :$bthe case of wine and beer /$cJoshua Aizenman, Eileen L. Brooks.
=260  \\$aCambridge, Mass. :$bNational Bureau of Economic Research,$c2005.
=300  \\$a25 p. :$bill. ;$c21 cm.
=336  \\$atext$2rdacontent
=337  \\$aunmediated$2rdamedia
=338  \\$avolume$2rdacarrier
=490  1\$aNBER working paper series ;$vworking paper 11228
=504  \\$aIncludes bibliographical references.
=540  \\$aBritish Library not licensed to copy$c0$5Uk
=700  1\$aBrooks, Eileen L.
=710  2\$aNational Bureau of Economic Research.
=830  \0$aWorking paper series (National Bureau of Economic Research) ;$vworking paper no. 11228.
=852  41$aBritish Library$bDSC$j6067.719500$iNumber 11228(2005:Mar.)
=856  40$uhttp://papers.nber.org/papers/W11228
=ACF  \\$aBritish Library not licensed to copy$c0$e01-oct-2013$hC$iCFP Excluded$5Uk
=CAT  \\$a10958$b40$c20050504$lBLL01$h1102
=CAT  \\$a12179$b40$c20050509$lBLL01$h0908
=CAT  \\$aBATCH-UPD$b40$c20101031$lBLL01$h2348
=CAT  \\$aBATCH-CLA$b00$c20130527$lBLL01$h0129
=CAT  \\$aBATCH-CLA$b00$c20130630$lBLL01$h1629
=CAT  \\$aIPL-CLA$c20130701$lBLL01$h0053
=CAT  \\$aBATCH-CLA$b00$c20130702$lBLL01$h0200
=CAT  \\$aBATCH-CLA$b00$c20130929$lBLL01$h1618
=CAT  \\$aIPL-CLA$c20130930$lBLL01$h1743
=CAT  \\$aBATCH-CLA$b00$c20131202$lBLL01$h0324
=CAT  \\$aIPL-CLA$c20131231$lBLL01$h2349
=CAT  \\$aBATCH-CLA$b00$c20140327$lBLL01$h1828
=CAT  \\$aIPL-CLA$c20140331$lBLL01$h1627
=CFI  0\$aBritish Library not licensed to copy$c0$e01-apr-2014$hC$iCFP Excluded$5Uk
=CFI  2\$aBritish Library not licensed to copy$c0$e01-jan-2014$hC$iCFP Excluded$5Uk
=FIN  \\$aY$d20050509
=FMT  \\$a  BK
=LAS  \\$aIPL-CLA$b00$c20140331$lBLL01$h1627
=TCO  \\$aTRS$bCCC$c008

