=LDR  02469cam a2200601 a 4500
=001  013190865
=003  Uk
=005  20230924064854.0
=008  050413s2005\\\\mau\\\\\\b\\\\000\0\eng\d
=040  \\$aSIMAS$cSIMAS$dIUL
=100  1\$aFeldstein, Martin S.
=245  10$aRethinking social insurance /$cMartin Feldstein.
=260  \\$aCambridge, Mass. :$bNational Bureau of Economic Research,$c2005.
=300  \\$a60 p. ;$c22 cm.
=336  \\$atext$2rdacontent
=337  \\$aunmediated$2rdamedia
=338  \\$avolume$2rdacarrier
=490  1\$aNBER working paper paper series ;$vno. 11250
=500  \\$a"March 2005."
=504  \\$aIncludes bibliographical references.
=530  \\$aAlso available in PDF from the NBER world wide web site (www.nber.org).
=540  \\$aBritish Library not licensed to copy$c0$5Uk
=650  \0$aSocial security$xEconometric models.
=650  \0$aInsurance, Unemployment$xEconometric models.
=650  \0$aInsurance, Health$xEconometric models.
=710  2\$aNational Bureau of Economic Research.
=830  \0$aWorking paper series (National Bureau of Economic Research) ;$vworking paper no. 11250.
=852  41$aBritish Library$bDSC$j6067.719500$iNumber 11250(2005:Mar.)
=856  40$uhttp://papers.nber.org/papers/11250.pdf
=856  40$uhttp://opac.mas.gov.sg/lib%5Fpdf/Nber/Wp11250.pdf
=985  \\$aProvisional Record
=ACF  \\$aBritish Library not licensed to copy$c0$e01-oct-2013$hC$iCFP Excluded$5Uk
=CAT  \\$a10958$b40$c20050504$lBLL01$h1412
=CAT  \\$a10958$b40$c20050505$lBLL01$h1111
=CAT  \\$aBATCH-CLA$b00$c20130527$lBLL01$h0129
=CAT  \\$aBATCH-CLA$b00$c20130630$lBLL01$h1629
=CAT  \\$aIPL-CLA$c20130701$lBLL01$h0053
=CAT  \\$aBATCH-CLA$b00$c20130702$lBLL01$h0200
=CAT  \\$aBATCH-CLA$b00$c20130929$lBLL01$h1618
=CAT  \\$aIPL-CLA$c20130930$lBLL01$h1743
=CAT  \\$aBATCH-CLA$b00$c20131202$lBLL01$h0324
=CAT  \\$aIPL-CLA$c20131231$lBLL01$h2349
=CAT  \\$aBATCH-CLA$b00$c20140327$lBLL01$h1828
=CAT  \\$aIPL-CLA$c20140331$lBLL01$h1627
=CAT  \\$a14185$b40$c20230423$lBLL01$h0831
=CAT  \\$aBATCH-CLA$b00$c20230424$lBLL01$h0103
=CAT  \\$aW2308-1659$c20230923$lBLL01$h0919
=CAT  \\$aBATCH-CLA$b00$c20230924$lBLL01$h0648
=CFI  0\$aBritish Library not licensed to copy$c0$e01-apr-2014$hC$iCFP Excluded$5Uk
=FMT  \\$a  BK
=LAS  \\$aBATCH-CLA$b00$c20230924$lBLL01$h0648
=SID  \\$aZ39$bOCLC
=TCO  \\$aTRS$bCCC$c008

