=LDR  02449 am a22006257a 4500
=001  013248596
=003  Uk
=005  20050725140952.0
=008  050703s2005\\\\maua\\\\\b\\\\000\0\eng\\
=040  \\$aNLM$beng$cNLM$dUNA$dUk
=043  \\$an-us---
=050  \4$aHB1.A2$bN3 no.11405
=060  00$a2005 I-203
=060  10$aWA 30$bM9785v 2005
=100  1\$aMurphy, Kevin M.
=245  14$aThe value of health and longevity /$cKevin M. Murphy, Robert H. Topel.
=260  \\$aCambridge, Mass. :$bNational Bureau of Economic Research,$c2005.
=300  \\$a59 p. :$bill. ;$c21 cm.
=336  \\$atext$2rdacontent
=337  \\$aunmediated$2rdamedia
=338  \\$avolume$2rdacarrier
=490  1\$aNBER working paper series ;$vworking paper 11405
=504  \\$aIncludes bibliographical references.
=530  \\$aAlso available via the Internet.
=540  \\$aBritish Library not licensed to copy$c0$5Uk
=650  \0$aMedical economics.
=650  \0$aLongevity$xEconomic aspects$zUnited States.
=700  1\$aTopel, Robert H.
=710  2\$aNational Bureau of Economic Research.
=830  \0$aWorking paper series (National Bureau of Economic Research) ;$vworking paper no. 11405.
=852  41$aBritish Library$bDSC$j6067.719500$i11405
=856  4\$uhttp://www.nber.org/papers/W11405
=ACF  \\$aBritish Library not licensed to copy$c0$e01-oct-2013$hC$iCFP Excluded$5Uk
=CAT  \\$a8197$b40$c20050708$lBLL01$h1550
=CAT  \\$a8197$b40$c20050708$lBLL01$h1551
=CAT  \\$a5751$b40$c20050725$lBLL01$h1402
=CAT  \\$a5751$b40$c20050725$lBLL01$h1409
=CAT  \\$aBATCH-CLA$b00$c20130527$lBLL01$h0129
=CAT  \\$aBATCH-CLA$b00$c20130630$lBLL01$h1629
=CAT  \\$aIPL-CLA$c20130701$lBLL01$h0054
=CAT  \\$aBATCH-CLA$b00$c20130702$lBLL01$h0200
=CAT  \\$aBATCH-CLA$b00$c20130929$lBLL01$h1618
=CAT  \\$aIPL-CLA$c20130930$lBLL01$h1744
=CAT  \\$aBATCH-CLA$b00$c20131202$lBLL01$h0325
=CAT  \\$aIPL-CLA$c20131231$lBLL01$h2352
=CAT  \\$aBATCH-CLA$b00$c20140327$lBLL01$h1828
=CAT  \\$aIPL-CLA$c20140331$lBLL01$h1627
=CAT  \\$aW1707-0052$c20170703$lBLL01$h1844
=CFI  0\$aBritish Library not licensed to copy$c0$e01-apr-2014$hC$iCFP Excluded$5Uk
=CFI  2\$aBritish Library not licensed to copy$c0$e01-jan-2014$hC$iCFP Excluded$5Uk
=FIN  \\$aY$d20050725
=FMT  \\$a  BK
=LAS  \\$aW1707-0052$b00$c20170703$lBLL01$h1844
=SID  \\$aZ39$bOCLC
=TCO  \\$aTRS$bCCC$c008

