=LDR  01568 am a2200445 a 4500
=001  013269064
=003  Uk
=005  20210508013439.0
=008  050713s2005\\\\maua\\\\\b\\\\000\0\eng\\
=010  \\$a2005618413
=040  \\$aDLC$cDLC$dUk
=050  00$aHB1
=100  1\$aConley, Timothy.
=245  10$aInference with "difference in differences" with a small number of policy changes /$cTimothy Conley, Christopher Taber.
=260  \\$aCambridge, Mass. :$bNBER,$c2005.
=300  \\$a44 p. :$bill. ;$c22 cm.
=336  \\$atext$2rdacontent
=337  \\$aunmediated$2rdamedia
=338  \\$avolume$2rdacarrier
=490  1\$aTechnical working paper series ;$v312
=504  \\$aIncludes bibliographical references.
=540  \\$aBritish Library not licensed to copy$c0$5Uk
=650  \0$aInference.
=650  \0$aPolicy sciences.
=700  1\$aTaber, Christopher.
=710  2\$aNational Bureau of Economic Research.
=830  \0$aNBER technical working paper series ;$vno. 312.
=852  41$aBritish Library$bDSC$j8732.374000$iIs. 312
=856  40$uhttp://papers.nber.org/papers/T0312
=CAT  \\$a9504$b40$c20050809$lBLL01$h1353
=CAT  \\$a12179$b40$c20050816$lBLL01$h0846
=CAT  \\$aBATCH-CLA$b00$c20210507$lBLL01$h0300
=CAT  \\$aBATCH-UPD$b00$c20210507$lBLL01$h0605
=CAT  \\$aBATCH-CLA$b00$c20210508$lBLL01$h0134
=CFI  0\$aBritish Library not licensed to copy$c0$e07-sep-2011$hC$iTX$5Uk
=FIN  \\$aY$d20050816
=FMT  \\$a  BK
=LAS  \\$aBATCH-CLA$b00$c20210508$lBLL01$h0134
=SID  \\$aZ39$bLOC
=TCO  \\$aTRS$bCCC$c008

