=LDR  02906 am a2200541 i 4500
=001  017530590
=003  Uk
=005  20210106150627.0
=008  150901s2015\\\\enkbd\\\\b\\\\000\0\eng\c
=015  \\$aGBB5B8810$2bnb
=016  7\$a017530590$2Uk
=035  \\$a(IeDuTC)b162124946
=040  \\$aIeDuTC$beng$cIeDuTC$dUk$erda
=042  \\$aukscp
=100  1\$aCarneiro, Pedro,$eauthor.
=245  10$aDecentralizing education resources :$bschool grants in Senegal /$cPedro Carneiro, Oswald Koussihouèdé, Nathalie Lahire, Costas Meghir, Corina Mommaerts.
=264  \1$aLondon, UK :$bCentre for Economic Policy Research,$c2015.
=300  \\$a62 pages :$bgraphs, map ;$c21 cm.
=336  \\$atext$2rdacontent
=337  \\$aunmediated$2rdamedia
=338  \\$avolume$2rdacarrier
=490  1\$aDiscussion paper series,$x0265-8003 ;$vno. 10527$aDevelopment economics
=500  \\$a"April 2015".
=500  \\$a"Submitted 28 March 2015".
=504  \\$aIncludes bibliographical references (pages 61-62).
=520  \\$aThe impact of school resources on the quality of education in developing countries may depend crucially on whether resources are targeted efficiently. In this paper we use a randomized experiment to analyze the impact of a school grants program in Senegal, which decentralized a portion of the country's education budget. We find large positive effects on test scores at younger grades that persist at least two years. We show that these effects are concentrated among schools that focused funds on human resources improvements rather than school materials, suggesting that teachers and principals may be a central determinant of school quality.
=650  \0$aSchools$xDecentralization$zSenegal$xEconometric models.
=650  \0$aEducational evaluation$zSenegal$xEconometric models.
=650  \0$aAcademic achievement$zSenegal$xEconometric models.
=700  1\$aKoussihouèdé, Oswald,$eauthor.
=700  1\$aLahire, Nathalie,$eauthor.
=700  1\$aMeghir, Costas,$eauthor.
=700  1\$aMommaerts, Corina,$eauthor.
=710  2\$aCentre for Economic Policy Research (Great Britain),$epublisher.
=830  \0$aDiscussion paper (Centre for Economic Policy Research (Great Britain)) ;$vno. 10527.
=830  \0$aDiscussion paper (Centre for Economic Policy Research (Great Britain)).$pDevelopment economics.
=852  41$aBritish Library$bHMNTS$jYK.2017.a.3072
=856  40$uhttp://www.nber.org/papers/w21063
=985  \\$aLDLSCP record - no ISBN match on import to BLL01
=985  \\$aAwaiting NetCat DDC
=CAT  \\$aBATCH-LDLN$b00$c20150907$lBLL01$h2051
=CAT  \\$aBATCH-UPD$b00$c20150907$lBLL01$h2051
=CAT  \\$aBATCH-UPD$b00$c20150917$lBLL01$h2018
=CAT  \\$aBATCH-016$c20161116$lBLL01$h2154
=CAT  \\$a10962$b40$c20170808$lBLL01$h1220
=CAT  \\$a11249$b40$c20210106$lBLL01$h1506
=FMT  \\$a  BK
=LAS  \\$a11249$b40$c20210106$lBLL01$h1506

