=LDR  03073cam a22006137a 4500
=001  015340924
=003  Uk
=005  20230924064940.0
=008  090720s2009\\\\maua\\\\\b\\\\000\0\eng\d
=035  \\$a(OCoLC)426483970
=040  \\$aOUN$cOUN$dGZM$dUk
=042  \\$aukblderived
=043  \\$an-us-ma
=100  1\$aCutler, David M.
=245  10$aSelection stories :$bunderstanding movement across health plans /$cDavid M. Cutler, Bryan Lincoln, Richard J. Zeckhauser.
=260  \\$aCambridge, Mass. :$bNational Bureau of Economic Research,$cc2009.
=300  \\$a23, [22] p. :$bill. ;$c22 cm.
=336  \\$atext$2rdacontent
=337  \\$aunmediated$2rdamedia
=338  \\$avolume$2rdacarrier
=490  1\$aNBER working paper series ;$vno. 15164
=500  \\$a"July 2009".
=504  \\$aIncludes bibliographical references.
=520  \\$aThis study assesses the factors influencing the movement of people across health plans. We distinguish three types of cost-related transitions: adverse selection, the movement of the less healthy to more generous plans; adverse retention, the tendency for people to stay where they are when they get sick; and aging in place, where lack of all movement makes plans with initially older enrollees increase in cost over time. Using data from the Group Insurance Commission in Massachusetts, we show that aging in place and adverse selection are both quantitatively important. Each can materially impact equilibrium enrollments, especially when premiums to enrollees reflect these costs.
=540  \\$aBritish Library not licensed to copy$c0$5Uk
=650  \0$aHealth insurance$xDecision making$xEconometric models.
=650  \0$aHealth insurance$zMassachusetts$xEconometric models.
=700  1\$aLincoln, Bryan.
=700  1\$aZeckhauser, Richard.
=710  2\$aNational Bureau of Economic Research.
=830  \0$aWorking paper series (National Bureau of Economic Research) ;$vno. 15164.
=852  41$aBritish Library$bDSC$j6067.719500$ino. 15164
=856  40$uhttp://www.nber.org/papers/w15164
=ACF  \\$aBritish Library not licensed to copy$c0$e01-oct-2013$hC$iCFP Excluded$5Uk
=CAT  \\$a6098$b40$c20090804$lBLL01$h1239
=CAT  \\$a8980$b40$c20090810$lBLL01$h1155
=CAT  \\$aBATCH-CLA$b00$c20130527$lBLL01$h0131
=CAT  \\$aBATCH-CLA$b00$c20130630$lBLL01$h1630
=CAT  \\$aIPL-CLA$c20130701$lBLL01$h0130
=CAT  \\$aBATCH-CLA$b00$c20130702$lBLL01$h0202
=CAT  \\$aBATCH-CLA$b00$c20130929$lBLL01$h1619
=CAT  \\$aIPL-CLA$c20130930$lBLL01$h1804
=CAT  \\$aBATCH-CLA$b00$c20131202$lBLL01$h0335
=CAT  \\$aIPL-CLA$c20140101$lBLL01$h0121
=CAT  \\$aBATCH-CLA$b00$c20140327$lBLL01$h1830
=CAT  \\$aIPL-CLA$c20140331$lBLL01$h1636
=CAT  \\$aW2308-1659$c20230923$lBLL01$h1045
=CAT  \\$aBATCH-CLA$b00$c20230924$lBLL01$h0649
=CFI  0\$aBritish Library not licensed to copy$c0$e01-apr-2014$hC$iCFP Excluded$5Uk
=FIN  \\$aY$d20090810
=FMT  \\$a  BK
=LAS  \\$aBATCH-CLA$b00$c20230924$lBLL01$h0649
=SID  \\$aZ39$bOCLC
=TCO  \\$aTRS$bCCC$c008

