=LDR  02264cam a22006017a 4500
=001  015343660
=003  Uk
=005  20230924064940.0
=008  090616s2009\\\\maua\\\\\b\\\\000\0\eng\d
=035  \\$a(OCoLC)401471880
=040  \\$aSIMAS$cSIMAS$dUk
=042  \\$aukblderived
=100  1\$aUhlig, Harald.
=245  12$aA model of a systemic bank run /$cHarald Uhlig.
=260  \\$aCambridge, MA. :$bNational Bureau of Economic Research,$c2009.
=300  \\$a54 p. :$bill. ;$c22 cm.
=336  \\$atext$2rdacontent
=337  \\$aunmediated$2rdamedia
=338  \\$avolume$2rdacarrier
=490  1\$aNBER working paper series ;$vno. 15072
=500  \\$a"June 2009."
=504  \\$aIncludes bibliographical references.
=540  \\$aBritish Library not licensed to copy$c0$5Uk
=650  \0$aFinancial crises.
=650  \0$aBank failures$xEconometric models.
=650  \0$aFinancial institutions.
=650  \0$aBank deposits.
=650  \0$aAsset-backed financing.
=710  2\$aNational Bureau of Economic Research.
=830  \0$aWorking paper series (National Bureau of Economic Research) ;$vno. 15072.
=852  41$aBritish Library$bDSC$j6067.719500$ino. 15072
=856  41$uhttp://www.nber.org/papers/w15072
=856  41$uhttp://opac.mas.gov.sg/lib_pdf/Nber/w15072.pdf
=ACF  \\$aBritish Library not licensed to copy$c0$e01-oct-2013$hC$iCFP Excluded$5Uk
=CAT  \\$a7164$b40$c20090806$lBLL01$h1405
=CAT  \\$aBATCH-CLA$b00$c20130527$lBLL01$h0131
=CAT  \\$aBATCH-CLA$b00$c20130630$lBLL01$h1630
=CAT  \\$aIPL-CLA$c20130701$lBLL01$h0130
=CAT  \\$aBATCH-CLA$b00$c20130702$lBLL01$h0202
=CAT  \\$aBATCH-CLA$b00$c20130929$lBLL01$h1619
=CAT  \\$aIPL-CLA$c20130930$lBLL01$h1804
=CAT  \\$aBATCH-CLA$b00$c20131202$lBLL01$h0335
=CAT  \\$aIPL-CLA$c20140101$lBLL01$h0121
=CAT  \\$aBATCH-CLA$b00$c20140327$lBLL01$h1830
=CAT  \\$aIPL-CLA$c20140331$lBLL01$h1636
=CAT  \\$aW2308-1659$c20230923$lBLL01$h1045
=CAT  \\$aBATCH-CLA$b00$c20230924$lBLL01$h0649
=CFI  0\$aBritish Library not licensed to copy$c0$e01-apr-2014$hC$iCFP Excluded$5Uk
=FIN  \\$aY$d20090806
=FMT  \\$a  BK
=LAS  \\$aBATCH-CLA$b00$c20230924$lBLL01$h0649
=SID  \\$aZ39$bOCLC
=TCO  \\$aTRS$bCCC$c008

