=LDR  03955cam a22006617a 4500
=001  015451974
=003  Uk
=005  20230924064941.0
=008  091217s2009\\\\mauab\\\\b\\\\000\0\eng\d
=035  \\$a(OCoLC)489452058
=040  \\$aRF1$cRF1$dUk
=100  1\$aDobbie, Will.
=245  10$aAre high quality schools enough to close the achievement gap? :$bevidence from a social experiment in Harlem /$cWill Dobbie, Roland G. Fryer, Jr.
=260  \\$aCambridge, Mass. :$bNational Bureau of Economic Research,$c2009.
=300  \\$a72 p. :$bill., maps ;$c22 cm.
=336  \\$atext$2rdacontent
=337  \\$aunmediated$2rdamedia
=338  \\$avolume$2rdacarrier
=490  1\$aNBER working paper series ;$vno. 15473
=500  \\$a"November 2009".
=504  \\$aIncludes bibliographical references (p. 29-35).
=520  \\$aHarlem Children's Zone (HCZ), which combines community investments with reform minded charter schools, is one of the most ambitious social experiments to alleviate poverty of our time. We provide the first empirical test of the causal impact of HCZ on educational outcomes, with an eye toward informing the long-standing debate whether schools alone can eliminate the achievement gap or whether the issues that poor children bring to school are too much for educators alone to overcome. Both lottery and instrumental variable identification strategies lead us to the same story: Harlem Children's Zone is effective at increasing the achievement of the poorest minority children. Taken at face value, the effects in middle school are enough to close the black-white achievement gap in mathematics and reduce it by nearly half in English Language Arts. The effects in elementary school close the racial achievement gap in both subjects. We conclude by presenting four pieces of evidence that high-quality schools or high-quality schools coupled with community investments generate the achievement gains. Community investments alone cannot explain the results.
=540  \\$aBritish Library not licensed to copy$c0$5Uk
=650  \0$aCharter schools$zNew York (State)$zNew York$xEvaluation.
=650  \0$aSchool improvement programs$zNew York (State)$zNew York$xEvaluation.
=650  \0$aAcademic achievement$zNew York (State)$zNew York.
=650  \0$aPoor children$xEducation$zNew York (State)$zNew York.
=650  \0$aChildren of minorities$xEducation$zNew York (State)$zNew York.
=651  \0$aHarlem (New York, N.Y.)$xSocial conditions.
=700  1\$aFryer, Roland G.
=710  2\$aNational Bureau of Economic Research.
=830  \0$aWorking paper series (National Bureau of Economic Research) ;$vworking paper no. 15473.
=852  41$aBritish Library$bDSC$j6067.719500$ino. 15473
=856  40$uhttp://www.nber.org/papers/w15473.pdf
=ACF  \\$aBritish Library not licensed to copy$c0$e01-oct-2013$hC$iCFP Excluded$5Uk
=CAT  \\$a7164$b40$c20091221$lBLL01$h1311
=CAT  \\$a11250$b40$c20100105$lBLL01$h1113
=CAT  \\$a11250$b40$c20100105$lBLL01$h1117
=CAT  \\$aBATCH-UPD$b40$c20110901$lBLL01$h2122
=CAT  \\$aBATCH-UPD$b40$c20120823$lBLL01$h2139
=CAT  \\$aBATCH-CLA$b00$c20130527$lBLL01$h0131
=CAT  \\$aBATCH-CLA$b00$c20130630$lBLL01$h1630
=CAT  \\$aIPL-CLA$c20130701$lBLL01$h0133
=CAT  \\$aBATCH-CLA$b00$c20130702$lBLL01$h0203
=CAT  \\$aBATCH-CLA$b00$c20130929$lBLL01$h1619
=CAT  \\$aIPL-CLA$c20130930$lBLL01$h1806
=CAT  \\$aBATCH-CLA$b00$c20131202$lBLL01$h0336
=CAT  \\$aIPL-CLA$c20140101$lBLL01$h0126
=CAT  \\$aBATCH-CLA$b00$c20140327$lBLL01$h1830
=CAT  \\$aIPL-CLA$c20140331$lBLL01$h1637
=CAT  \\$aW2308-1659$c20230923$lBLL01$h1051
=CAT  \\$aBATCH-CLA$b00$c20230924$lBLL01$h0649
=CFI  0\$aBritish Library not licensed to copy$c0$e01-apr-2014$hC$iCFP Excluded$5Uk
=FIN  \\$aY$d20091221
=FMT  \\$a  BK
=LAS  \\$aBATCH-CLA$b00$c20230924$lBLL01$h0649
=SID  \\$aZ39$bOCLC
=TCO  \\$aTRS$bCCC$c008

