=LDR  02977cam a22005897a 4500
=001  015463972
=003  Uk
=005  20230924064941.0
=008  100105s2009\\\\maua\\\\\b\\\\000\0\eng\d
=035  \\$a(OCoLC)495791363
=040  \\$aRF1$cRF1$dUk
=042  \\$aukblderived
=100  1\$aGolosov, Mikhail.
=245  10$aDecentralized trading with private information /$cMikhail Golosov, Guido Lorenzoni, Aleh Tsyvinski.
=260  \\$aCambridge, Mass. :$bNational Bureau of Economic Research,$c2009.
=300  \\$a79 p. :$bill. ;$c21 cm.
=336  \\$atext$2rdacontent
=337  \\$aunmediated$2rdamedia
=338  \\$avolume$2rdacarrier
=490  1\$aNBER working paper series ;$vno. 15513
=500  \\$a"November 2009."
=504  \\$aIncludes bibliographical references (p. 78-79).
=520  \\$aThe paper studies asset pricing in informationally decentralized markets. These markets have two key frictions: trading is decentralized (bilateral), and some agents have private information. We analyze how uninformed agents acquire information over time from their bilateral trades. In particular, we show that uninformed agents can learn all the useful information in the long run and that the long-run allocation is Pareto efficient. We then explore how informed agents can exploit their informational advantage in the short run and provide sufficient conditions for the value of information to be positive. Finally, we provide a numerical analysis of the equilibrium trading dynamics and prices.
=540  \\$aBritish Library not licensed to copy$c0$5Uk
=650  \0$aAssets (Accounting)$xPrices$xEconometric models.
=650  \0$aInformation theory in economics.
=700  1\$aLorenzoni, Guido.
=700  1\$aYsyvinski, Aleh.
=710  2\$aNational Bureau of Economic Research.
=830  \0$aWorking paper series (National Bureau of Economic Research) ;$vno. 15513.
=852  41$aBritish Library$bDSC$j6067.719500$ino. 15513
=856  40$uhttp://papers.nber.org/papers/w15513.pdf
=ACF  \\$aBritish Library not licensed to copy$c0$e01-oct-2013$hC$iCFP Excluded$5Uk
=CAT  \\$a7164$b40$c20100114$lBLL01$h0822
=CAT  \\$aBATCH-CLA$b00$c20130527$lBLL01$h0131
=CAT  \\$aBATCH-CLA$b00$c20130630$lBLL01$h1631
=CAT  \\$aIPL-CLA$c20130701$lBLL01$h0134
=CAT  \\$aBATCH-CLA$b00$c20130702$lBLL01$h0203
=CAT  \\$aBATCH-CLA$b00$c20130929$lBLL01$h1619
=CAT  \\$aIPL-CLA$c20130930$lBLL01$h1806
=CAT  \\$aBATCH-CLA$b00$c20131202$lBLL01$h0336
=CAT  \\$aIPL-CLA$c20140101$lBLL01$h0126
=CAT  \\$aBATCH-CLA$b00$c20140327$lBLL01$h1830
=CAT  \\$aIPL-CLA$c20140331$lBLL01$h1637
=CAT  \\$aW2308-1659$c20230923$lBLL01$h1052
=CAT  \\$aBATCH-CLA$b00$c20230924$lBLL01$h0649
=CFI  0\$aBritish Library not licensed to copy$c0$e01-apr-2014$hC$iCFP Excluded$5Uk
=FIN  \\$aY$d20100114
=FMT  \\$a  BK
=LAS  \\$aBATCH-CLA$b00$c20230924$lBLL01$h0649
=SID  \\$aZ39$bOCLC
=TCO  \\$aTRS$bCCC$c008

