=LDR  03190cam a22006377a 4500
=001  015464208
=003  Uk
=005  20230924064941.0
=008  100105s2009\\\\mau\\\\\\b\\\\000\0\eng\d
=035  \\$a(OCoLC)495794541
=040  \\$aRF1$cRF1$dUk
=042  \\$aukblderived
=100  1\$aGlaeser, Edward L.$q(Edward Ludwig),$d1967-
=245  10$aUrban economics and entrepreneurship /$cEdward L. Glaeser, Stuart S. Rosenthal, William C. Strange.
=260  \\$aCambridge, Mass. :$bNational Bureau of Economic Research,$c2009.
=300  \\$a42 p. ;$c22 cm.
=336  \\$atext$2rdacontent
=337  \\$aunmediated$2rdamedia
=338  \\$avolume$2rdacarrier
=490  1\$aNBER working paper series ;$vno. 15536
=500  \\$a"November 2009".
=504  \\$aIncludes bibliographical references (p. 28-33).
=520  \\$aResearch on entrepreneurship often examines the local dimensions of new business formation. The local environment influences the choices of entrepreneurs; entrepreneurial success influences the local economy. Yet modern urban economics has paid relatively little attention to entrepreneurs. This essay introduces a special issue of Journal of Urban Economics dedicated to the geography of entrepreneurship. The paper frames the core questions facing researchers interested in assessing the local causes and consequences of entrepreneurship, perturbs a core urban model to incorporate entrepreneurship, and concludes by offering an agenda for future work on the spatial aspects of entrepreneurship.
=530  \\$aAlso available in PDF from the NBER world wide web site (www.nber.org).
=540  \\$aBritish Library not licensed to copy$c0$5Uk
=650  \0$aUrban economics.
=650  \0$aEntrepreneurship.
=650  \0$aEconomic geography.
=700  1\$aRosenthal, Stuart S.
=700  1\$aStrange, William C.$c(Economist)
=710  2\$aNational Bureau of Economic Research.
=830  \0$aWorking paper series (National Bureau of Economic Research) ;$vno. 15536.
=852  41$aBritish Library$bDSC$j6067.719500$ino. 15536
=856  40$uhttp://papers.nber.org/papers/w15536.pdf
=ACF  \\$aBritish Library not licensed to copy$c0$e01-oct-2013$hC$iCFP Excluded$5Uk
=CAT  \\$a7164$b40$c20100114$lBLL01$h1107
=CAT  \\$aBATCH-CLA$b00$c20130527$lBLL01$h0131
=CAT  \\$aBATCH-CLA$b00$c20130630$lBLL01$h1631
=CAT  \\$aIPL-CLA$c20130701$lBLL01$h0134
=CAT  \\$aBATCH-CLA$b00$c20130702$lBLL01$h0203
=CAT  \\$aBATCH-CLA$b00$c20130929$lBLL01$h1619
=CAT  \\$aIPL-CLA$c20130930$lBLL01$h1806
=CAT  \\$aBATCH-CLA$b00$c20131202$lBLL01$h0336
=CAT  \\$aIPL-CLA$c20140101$lBLL01$h0126
=CAT  \\$aBATCH-CLA$b00$c20140327$lBLL01$h1830
=CAT  \\$aIPL-CLA$c20140331$lBLL01$h1637
=CAT  \\$a8962$b40$c20200309$lBLL01$h0759
=CAT  \\$aBATCH-CLA$b00$c20200310$lBLL01$h0104
=CAT  \\$aW2308-1659$c20230923$lBLL01$h1052
=CAT  \\$aBATCH-CLA$b00$c20230924$lBLL01$h0649
=CFI  0\$aBritish Library not licensed to copy$c0$e01-apr-2014$hC$iCFP Excluded$5Uk
=FIN  \\$aY$d20100114
=FMT  \\$a  BK
=LAS  \\$aBATCH-CLA$b00$c20230924$lBLL01$h0649
=SID  \\$aZ39$bOCLC
=TCO  \\$aTRS$bCCC$c008

