=LDR  03611cam a22006017a 4500
=001  015464231
=003  Uk
=005  20230924064941.0
=008  100105s2009\\\\maua\\\\\b\\\\000\0\eng\d
=035  \\$a(OCoLC)495795524
=040  \\$aRF1$cRF1$dUk
=042  \\$aukblderived
=100  1\$aDee, Thomas S.$q(Thomas Sean)
=245  14$aThe impact of no child left behind on student achievement /$cThomas Dee, Brian Jacob.
=260  \\$aCambridge, MA :$bNational Bureau of Economic Research,$c2009.
=300  \\$a42, [34] p. :$bill. ;$c21 cm.
=336  \\$atext$2rdacontent
=337  \\$aunmediated$2rdamedia
=338  \\$avolume$2rdacarrier
=490  1\$aNBER working paper series ;$vno. 15531
=500  \\$a"November 2009."
=504  \\$aIncludes bibliographical references (p. 39-42).
=520  3\$aThe No Child Left Behind (NCLB) Act compelled states to design school-accountability systems based on annual student assessments. The effect of this Federal legislation on the distribution of student achievement is a highly controversial but centrally important question. This study presents evidence on whether NCLB has influenced student achievement based on an analysis of state-level panel data on student test scores from the National Assessment of Educational Progress (NAEP). The impact of NCLB is identified using a comparative interrupted time series analysis that relies on comparisons of the test-score changes across states that already had school-accountability policies in place prior to NCLB and those that did not. Our results indicate that NCLB generated statistically significant increases in the average math performance of 4th graders (effect size = 0.22 by 2007) as well as improvements at the lower and top percentiles. There is also evidence of improvements in 8th grade math achievement, particularly among traditionally low-achieving groups and at the lower percentiles. However, we find no evidence that NCLB increased reading achievement in either 4th or 8th grade.
=530  \\$aAlso available in PDF from the NBER world wide web site (www.nber.org).
=540  \\$aBritish Library not licensed to copy$c0$5Uk
=610  10$aUnited States.$tNo Child Left Behind Act of 2001.
=650  \0$aAcademic achievement$zUnited States$xEconometric models.
=700  1\$aJacob, Brian A.
=710  2\$aNational Bureau of Economic Research.
=830  \0$aWorking paper series (National Bureau of Economic Research) ;$vworking paper no. 15531.
=852  41$aBritish Library$bDSC$j6067.719500$ino. 15531
=856  40$uhttp://papers.nber.org/papers/w15531.pdf
=ACF  \\$aBritish Library not licensed to copy$c0$e01-oct-2013$hC$iCFP Excluded$5Uk
=CAT  \\$a7164$b40$c20100114$lBLL01$h1113
=CAT  \\$a9081$b40$c20110303$lBLL01$h1049
=CAT  \\$aBATCH-CLA$b00$c20130527$lBLL01$h0131
=CAT  \\$aBATCH-CLA$b00$c20130630$lBLL01$h1631
=CAT  \\$aIPL-CLA$c20130701$lBLL01$h0134
=CAT  \\$aBATCH-CLA$b00$c20130702$lBLL01$h0203
=CAT  \\$aBATCH-CLA$b00$c20130929$lBLL01$h1619
=CAT  \\$aIPL-CLA$c20130930$lBLL01$h1806
=CAT  \\$aBATCH-CLA$b00$c20131202$lBLL01$h0336
=CAT  \\$aIPL-CLA$c20140101$lBLL01$h0126
=CAT  \\$aBATCH-CLA$b00$c20140327$lBLL01$h1830
=CAT  \\$aIPL-CLA$c20140331$lBLL01$h1637
=CAT  \\$aW2308-1659$c20230923$lBLL01$h1052
=CAT  \\$aBATCH-CLA$b00$c20230924$lBLL01$h0649
=CFI  0\$aBritish Library not licensed to copy$c0$e01-apr-2014$hC$iCFP Excluded$5Uk
=FIN  \\$aY$d20100114
=FMT  \\$a  BK
=LAS  \\$aBATCH-CLA$b00$c20230924$lBLL01$h0649
=SID  \\$aZ39$bOCLC
=TCO  \\$aTRS$bCCC$c008

