=LDR  03326cam a22005897a 4500
=001  015492682
=003  Uk
=005  20230924064942.0
=008  100217s2009\\\\maua\\\\\b\\\\000\0\eng\d
=035  \\$a(OCoLC)518080964
=040  \\$aRF1$cRF1$dUk
=042  \\$aukblderived
=100  1\$aIchniowski, Casey.
=245  10$aConnective capital as social capital :$bthe value of problem-solving networks for team players in firms /$cCasey Ichniowski, Kathryn L. Shaw.
=260  \\$aCambridge, Mass. :$bNational Bureau of Economic Research,$c2009.
=300  \\$a41, 11 p. :$bill. ;$c22 cm.
=336  \\$atext$2rdacontent
=337  \\$aunmediated$2rdamedia
=338  \\$avolume$2rdacarrier
=490  1\$aNBER working paper series ;$vno. 15619
=500  \\$a"December 2009."
=504  \\$aIncludes bibliographical references (p. 31-34).
=520  \\$aTraditional human capital theory emphasizes a worker's investment in knowledge. However, when a worker is faced with day-to-day problems on the job, the solutions to the problems often require more knowledge from a team of experts within the firm. When a worker taps into the knowledge of experts, the worker develops his "connective capital." Firms that value problem solving highly will develop the human resource management practices that support the environment of sharing knowledge. Data from the steel industry displays these concepts. For seven large steel mills, we gather data on the communications networks of steelworkers. The data shows that networks are exceedingly diverse across mills, and that the mills that have human resource management practices that support teamwork are the mills that have with much more dense high-volume communications links among workers. That is, workers in team-orientated mills have much higher levels of personal connective capital used for problem-solving.
=540  \\$aBritish Library not licensed to copy$c0$5Uk
=650  \0$aHuman capital.
=650  \0$aSocial capital (Sociology)$xEconomic aspects.
=650  \0$aSteel industry and trade$xSocial aspects.
=700  1\$aShaw, Kathryn.
=710  2\$aNational Bureau of Economic Research.
=830  \0$aWorking paper series (National Bureau of Economic Research) ;$vno. 15619.
=852  41$aBritish Library$bDSC$j6067.719500$ino. 15619
=856  40$uhttp://www.nber.org/papers/w15619.pdf
=ACF  \\$aBritish Library not licensed to copy$c0$e01-oct-2013$hC$iCFP Excluded$5Uk
=CAT  \\$a7164$b40$c20100222$lBLL01$h1046
=CAT  \\$aBATCH-CLA$b00$c20130527$lBLL01$h0132
=CAT  \\$aBATCH-CLA$b00$c20130630$lBLL01$h1631
=CAT  \\$aIPL-CLA$c20130701$lBLL01$h0134
=CAT  \\$aBATCH-CLA$b00$c20130702$lBLL01$h0203
=CAT  \\$aBATCH-CLA$b00$c20130929$lBLL01$h1619
=CAT  \\$aIPL-CLA$c20130930$lBLL01$h1806
=CAT  \\$aBATCH-CLA$b00$c20131202$lBLL01$h0336
=CAT  \\$aIPL-CLA$c20140101$lBLL01$h0127
=CAT  \\$aBATCH-CLA$b00$c20140327$lBLL01$h1830
=CAT  \\$aIPL-CLA$c20140331$lBLL01$h1637
=CAT  \\$aW2308-1659$c20230923$lBLL01$h1053
=CAT  \\$aBATCH-CLA$b00$c20230924$lBLL01$h0649
=CFI  0\$aBritish Library not licensed to copy$c0$e01-apr-2014$hC$iCFP Excluded$5Uk
=FIN  \\$aY$d20100222
=FMT  \\$a  BK
=LAS  \\$aBATCH-CLA$b00$c20230924$lBLL01$h0649
=SID  \\$aZ39$bOCLC
=TCO  \\$aTRS$bCCC$c008

