=LDR  03520cam a22006257a 4500
=001  015519975
=003  Uk
=005  20230924064942.0
=008  100326s2010\\\\maua\\\\\b\\\\000\0\eng\d
=035  \\$a(OCoLC)575135408
=040  \\$aLOL$cLOL$dUk
=043  \\$an-us-fl
=100  1\$aAlmond, Douglas.
=245  10$aPublic vs. private provision of charity care? :$bevidence from the expiration of Hill-Burton requirements in Florida /$cDouglas Almond, Janet Currie, Emilia Simeonova.
=260  \\$aCambridge, Mass. :$bNational Bureau of Economic Research,$cc2010.
=300  \\$a40 p. :$bill. ;$c22 cm.
=336  \\$atext$2rdacontent
=337  \\$aunmediated$2rdamedia
=338  \\$avolume$2rdacarrier
=490  1\$aNBER working paper series ;$v15798
=500  \\$a"March 2010".
=504  \\$aIncludes bibliographical references (p. 23-25).
=520  \\$aThis paper explores the consequences of the expiration of charity care requirements imposed on private hospitals by the Hill-Burton Act. We examine delivery care and the health of newborns using the universe of Florida births from 1989-2003 combined with hospital data from the American Hospital Association. We find that charity care requirements were binding on hospitals, but that private hospitals under obligation "cream skimmed" the least risky maternity patients. Conditional on patient characteristics, they provided less intensive maternity services but without compromising patient health. When obligations expired, private hospitals quickly reduced their charity caseloads, shifting maternity patients to public hospitals. There they received more intensive services, but did not experience improvements in health. These results suggest that public hospitals provided services less efficiently than private hospitals constrained to provide charity care.
=540  \\$aBritish Library not licensed to copy$c0$5Uk
=610  10$aUnited States.$tHospital Survey and Construction Act$xHealth aspects$zFlorida.
=650  \0$aHospitals$xCharitable contributions$zFlorida.
=650  \0$aMaternal health services$xEconomic aspects$zFlorida.
=700  1\$aCurrie, Janet M.
=700  1\$aSimeonova, Emilia.
=710  2\$aNational Bureau of Economic Research.
=830  \0$aWorking paper series (National Bureau of Economic Research) ;$vworking paper no. 15798.
=852  41$aBritish Library$bDSC$j6067.719500$ino. 15798
=856  4\$uhttp://papers.nber.org/papers/15798
=856  40$uhttp://www.nber.org/papers/w15798
=ACF  \\$aBritish Library not licensed to copy$c0$e01-oct-2013$hC$iCFP Excluded$5Uk
=CAT  \\$a9504$b40$c20100329$lBLL01$h1030
=CAT  \\$a11250$b40$c20100406$lBLL01$h1129
=CAT  \\$aBATCH-CLA$b00$c20130527$lBLL01$h0132
=CAT  \\$aBATCH-CLA$b00$c20130630$lBLL01$h1631
=CAT  \\$aIPL-CLA$c20130701$lBLL01$h0135
=CAT  \\$aBATCH-CLA$b00$c20130702$lBLL01$h0203
=CAT  \\$aBATCH-CLA$b00$c20130929$lBLL01$h1619
=CAT  \\$aIPL-CLA$c20130930$lBLL01$h1806
=CAT  \\$aBATCH-CLA$b00$c20131202$lBLL01$h0336
=CAT  \\$aIPL-CLA$c20140101$lBLL01$h0129
=CAT  \\$aBATCH-CLA$b00$c20140327$lBLL01$h1830
=CAT  \\$aIPL-CLA$c20140331$lBLL01$h1637
=CAT  \\$aW2308-1659$c20230923$lBLL01$h1054
=CAT  \\$aBATCH-CLA$b00$c20230924$lBLL01$h0649
=CFI  0\$aBritish Library not licensed to copy$c0$e01-apr-2014$hC$iCFP Excluded$5Uk
=FIN  \\$aY$d20100329
=FMT  \\$a  BK
=LAS  \\$aBATCH-CLA$b00$c20230924$lBLL01$h0649
=SID  \\$aZ39$bOCLC
=TCO  \\$aTRS$bCCC$c008

