=LDR  02167aam a2200481 a 4500
=001  015539563
=003  Uk
=005  20110124143302.0
=008  100408s2010\\\\maua\\\\\b\\\\000\0\eng\d
=015  \\$aGBB054665$2bnb
=016  7\$a015539563$2Uk
=035  \\$a(UkCU)4930064
=040  \\$aRF1$cRF1$dUkCU$dUk
=042  \\$aukscp
=082  04$a382.1042$222
=100  1\$aHelpman, Elhanan.
=245  10$aLabor market frictions as a source of comparative advantage, with implications for unemployment and inequality /$cElhanan Helpman.
=260  \\$aLondon :$bCentre for Economic Policy Research,$cc2010.
=300  \\$a18 p. :$bill. ;$c21 cm.
=336  \\$atext$2rdacontent
=337  \\$aunmediated$2rdamedia
=338  \\$avolume$2rdacarrier
=490  1\$aDiscussion paper series / Centre for Economic Policy Research,$x0265-8003 ;$vno. 7707
=500  \\$a"February 2010."
=504  \\$aIncludes bibliographical references (p. 16-18).
=520  \\$aRecent research has emphasized firm heterogeneity as a source of comparative advantage. Combining this approach with labor market frictions and worker heterogeneity provides a framework for studying the impact of trade on unemployment and inequality. This paper reviews this approach and reports a number of results from recent studies.
=650  \0$aComparative advantage (International trade)
=650  \0$aLabor market.
=650  \0$aUnemployment$xEconometric models.
=650  \0$aIncome distribution$xEconometric models.
=690  7\$aManagement and Business Studies$2blcoll
=710  2\$aCentre for Economic Policy Research (Great Britain)
=830  \0$aDiscussion paper (Centre for Economic Policy Research (Great Britain)) ;$vno. 7707.
=852  41$aBritish Library$bHMNTS$jYC.2011.a.1326
=856  40$uhttp://www.nber.org/papers/w15764.pdf
=985  \\$aLDLSCP record - no ISBN match on import to BLL01
=CAT  \\$aBATCH-LDLN$b00$c20100426$lBLL01$h2040
=CAT  \\$a11069$b40$c20110124$lBLL01$h1433
=CAT  \\$aBATCH-MBS$c20110211$lBLL01$h2053
=CAT  \\$aWR16_021$c20160627$lBLL01$h1806
=FIN  \\$aY$d20110124
=FMT  \\$a  BK
=LAS  \\$aWR16_021$b00$c20160627$lBLL01$h1806

