=LDR  03115cam a22006017a 4500
=001  015539956
=003  Uk
=005  20230924064942.0
=008  100415s2010\\\\mau\\\\\\b\\\\000\0\eng\d
=035  \\$a(OCoLC)607357870
=040  \\$aLOL$cLOL$dUk
=042  \\$aukblderived
=100  1\$aHanushek, Eric A.$q(Eric Alan),$d1943-
=245  10$aSample selectivity and the validity of international student achievement tests in economic research /$cEric A. Hanushek, Ludger Woessmann.
=260  \\$aCambridge, Mass. :$bNational Bureau of Economic Research,$cc2010.
=300  \\$a13, [3] p. ;$c21 cm.
=336  \\$atext$2rdacontent
=337  \\$aunmediated$2rdamedia
=338  \\$avolume$2rdacarrier
=490  1\$aNBER working paper series ;$vno. 15867
=500  \\$a"April 2010".
=504  \\$aIncludes bibliographical references (p. 11-13).
=520  \\$aCritics of international student comparisons argue that results may be influenced by differences in the extent to which countries adequately sample their entire student populations. In this research note, we show that larger exclusion and non-response rates are related to better country average scores on international tests, as are larger enrollment rates for the relevant age group. However, accounting for sample selectivity does not alter existing research findings that tested academic achievement can account for a majority of international differences in economic growth and that institutional features of school systems have important effects on international differences in student achievement.
=540  \\$aBritish Library not licensed to copy$c0$5Uk
=650  \0$aComparative education$xResearch$xMethodology.
=650  \0$aAcademic achievement$xResearch$xMethodology.
=650  \0$aAcademic achievement$xEconomic aspects.
=700  1\$aWoessmann, Ludger.
=710  2\$aNational Bureau of Economic Research.
=830  \0$aWorking paper series (National Bureau of Economic Research) ;$vno. 15867.
=852  41$aBritish Library$bDSC$j6067.719500$ino. 15867
=856  4\$uhttp://papers.nber.org/papers/15867
=856  40$uhttp://www.nber.org/papers/w15867
=ACF  \\$aBritish Library not licensed to copy$c0$e01-oct-2013$hC$iCFP Excluded$5Uk
=CAT  \\$a7233$b40$c20100427$lBLL01$h1048
=CAT  \\$aBATCH-CLA$b00$c20130527$lBLL01$h0132
=CAT  \\$aBATCH-CLA$b00$c20130630$lBLL01$h1631
=CAT  \\$aIPL-CLA$c20130701$lBLL01$h0135
=CAT  \\$aBATCH-CLA$b00$c20130702$lBLL01$h0203
=CAT  \\$aBATCH-CLA$b00$c20130929$lBLL01$h1619
=CAT  \\$aIPL-CLA$c20130930$lBLL01$h1807
=CAT  \\$aBATCH-CLA$b00$c20131202$lBLL01$h0337
=CAT  \\$aIPL-CLA$c20140101$lBLL01$h0130
=CAT  \\$aBATCH-CLA$b00$c20140327$lBLL01$h1830
=CAT  \\$aIPL-CLA$c20140331$lBLL01$h1637
=CAT  \\$aW2308-1659$c20230923$lBLL01$h1055
=CAT  \\$aBATCH-CLA$b00$c20230924$lBLL01$h0649
=CFI  0\$aBritish Library not licensed to copy$c0$e01-apr-2014$hC$iCFP Excluded$5Uk
=FIN  \\$aY$d20100427
=FMT  \\$a  BK
=LAS  \\$aBATCH-CLA$b00$c20230924$lBLL01$h0649
=SID  \\$aZ39$bOCLC
=TCO  \\$aTRS$bCCC$c008

