=LDR  03576cam a22006017a 4500
=001  015539997
=003  Uk
=005  20230924064942.0
=008  100426s2010\\\\mauk\\\\\b\\\\000\0\eng\d
=035  \\$a(OCoLC)609421207
=040  \\$aLOL$cLOL$dUk
=042  \\$aukblderived
=043  \\$an-us-ny
=100  1\$aGruber, Jonathan.
=245  10$aDo strikes kill? :$bevidence from New York State /$cJonathan Gruber, Samuel A. Kleiner.
=260  \\$aCambridge, Mass. :$bNational Bureau of Economic Research,$cc2010.
=300  \\$a47 p. :$btables ;$c21 cm.
=336  \\$atext$2rdacontent
=337  \\$aunmediated$2rdamedia
=338  \\$avolume$2rdacarrier
=490  1\$aNBER working paper series ;$vno. 15855
=500  \\$a"March 2010".
=504  \\$aIncludes bibliographical references (p. 32-35).
=520  \\$aConcerns over the impacts of hospital strikes on patient welfare led to substantial delay in the ability of hospitals to unionize. Once allowed, hospitals unionized rapidly and now represent one of the largest union sectors of the U.S. economy. Were the original fears of harmful hospital strikes realized as a result? In this paper we analyze the effects of nurses' strikes in hospitals on patient outcomes. We utilize a unique dataset collected on nurses' strikes over the 1984 to 2004 period in New York State, and match these strikes to a restricted use hospital discharge database which provides information on treatment intensity, patient mortality and hospital readmission. Controlling for hospital specific heterogeneity, patient demographics and disease severity, the results show that nurses' strikes increase in-hospital mortality by 19.4% and 30-day readmission by 6.5% for patients admitted during a strike, with little change in patient demographics, disease severity or treatment intensity. This study provides some of the first analytical evidence on the effects of health care strikes on patients, and suggests that hospitals functioning during nurses' strikes are doing so at a lower quality of patient care.
=540  \\$aBritish Library not licensed to copy$c0$5Uk
=650  \0$aStrikes and lockouts$xHospitals$xHealth aspects$zNew York (State)
=650  \0$aStrikes and lockouts$xNurses$xHealth aspects$zNew York (State)
=700  1\$aKleiner, Samuel A.
=710  2\$aNational Bureau of Economic Research.
=830  \0$aWorking paper series (National Bureau of Economic Research) ;$vno. 15855.
=852  41$aBritish Library$bDSC$j6067.719500$ino. 15855
=856  4\$uhttp://papers.nber.org/papers/15855
=856  40$uhttp://www.nber.org/papers/w15855
=ACF  \\$aBritish Library not licensed to copy$c0$e01-oct-2013$hC$iCFP Excluded$5Uk
=CAT  \\$a7233$b40$c20100427$lBLL01$h1110
=CAT  \\$aBATCH-CLA$b00$c20130527$lBLL01$h0132
=CAT  \\$aBATCH-CLA$b00$c20130630$lBLL01$h1631
=CAT  \\$aIPL-CLA$c20130701$lBLL01$h0135
=CAT  \\$aBATCH-CLA$b00$c20130702$lBLL01$h0203
=CAT  \\$aBATCH-CLA$b00$c20130929$lBLL01$h1619
=CAT  \\$aIPL-CLA$c20130930$lBLL01$h1807
=CAT  \\$aBATCH-CLA$b00$c20131202$lBLL01$h0337
=CAT  \\$aIPL-CLA$c20140101$lBLL01$h0130
=CAT  \\$aBATCH-CLA$b00$c20140327$lBLL01$h1830
=CAT  \\$aIPL-CLA$c20140331$lBLL01$h1637
=CAT  \\$aW2308-1659$c20230923$lBLL01$h1055
=CAT  \\$aBATCH-CLA$b00$c20230924$lBLL01$h0649
=CFI  0\$aBritish Library not licensed to copy$c0$e01-apr-2014$hC$iCFP Excluded$5Uk
=FIN  \\$aY$d20100427
=FMT  \\$a  BK
=LAS  \\$aBATCH-CLA$b00$c20230924$lBLL01$h0649
=SID  \\$aZ39$bOCLC
=TCO  \\$aTRS$bCCC$c008

