=LDR  03175cam a22006137a 4500
=001  015540425
=003  Uk
=005  20230924064942.0
=008  100426s2010\\\\mauab\\\\b\\\\000\0\eng\d
=035  \\$a(OCoLC)609415757
=040  \\$aLOL$cLOL$dUk
=042  \\$aukblderived
=043  \\$an-us-dc
=100  1\$aJackson, C. Kirabo.
=245  10$aOne for the road :$bpublic transportation, alcohol consumption, and intoxicated driving /$cC. Kirabo Jackson, Emily Greene Owens.
=260  \\$aCambridge, Mass. :$bNational Bureau of Economic Research,$cc2010.
=300  \\$a48 p. :$bill., maps ;$c21 cm.
=336  \\$atext$2rdacontent
=337  \\$aunmediated$2rdamedia
=338  \\$avolume$2rdacarrier
=490  1\$aNBER working paper series ;$vno. 15872
=500  \\$a"April 2010".
=504  \\$aIncludes bibliographical references (p. 31-33).
=520  \\$aWe exploit arguably exogenous train schedule changes in Washington DC to investigate the relationship between public transportation provision, the risky decision to consume alcohol, and the criminal decision to engage in alcohol-impaired driving. Using a triple differences strategy, we provide evidence that overall there was little effect on DUI arrests, alcohol related fatal traffic and alcohol related arrests. However, we find that these overall effects mask considerable heterogeneity across geographic areas and spatial shifting. Specifically, we find that areas close to bars that are within walking distance to Metro stations experience increases in alcohol related arrests and decreases in DUI arrests.
=540  \\$aBritish Library not licensed to copy$c0$5Uk
=650  \0$aLocal transit$xSocial aspects$zWashington (D.C.)
=650  \0$aDrinking of alcoholic beverages$zWashington (D.C.)$xEconometric models.
=650  \0$aDrunk driving$zWashington (D.C.)$xEconometric models.
=700  1\$aOwens, Emily Greene.
=710  2\$aNational Bureau of Economic Research.
=830  \0$aWorking paper series (National Bureau of Economic Research) ;$vno. 15872.
=852  41$aBritish Library$bDSC$j6067.719500$ino. 15872
=856  4\$uhttp://papers.nber.org/papers/15872
=856  40$uhttp://www.nber.org/papers/w15872
=ACF  \\$aBritish Library not licensed to copy$c0$e01-oct-2013$hC$iCFP Excluded$5Uk
=CAT  \\$a7233$b40$c20100427$lBLL01$h1540
=CAT  \\$aBATCH-CLA$b00$c20130527$lBLL01$h0132
=CAT  \\$aBATCH-CLA$b00$c20130630$lBLL01$h1631
=CAT  \\$aIPL-CLA$c20130701$lBLL01$h0135
=CAT  \\$aBATCH-CLA$b00$c20130702$lBLL01$h0203
=CAT  \\$aBATCH-CLA$b00$c20130929$lBLL01$h1619
=CAT  \\$aIPL-CLA$c20130930$lBLL01$h1807
=CAT  \\$aBATCH-CLA$b00$c20131202$lBLL01$h0337
=CAT  \\$aIPL-CLA$c20140101$lBLL01$h0130
=CAT  \\$aBATCH-CLA$b00$c20140327$lBLL01$h1830
=CAT  \\$aIPL-CLA$c20140331$lBLL01$h1637
=CAT  \\$aW2308-1659$c20230923$lBLL01$h1055
=CAT  \\$aBATCH-CLA$b00$c20230924$lBLL01$h0649
=CFI  0\$aBritish Library not licensed to copy$c0$e01-apr-2014$hC$iCFP Excluded$5Uk
=FIN  \\$aY$d20100427
=FMT  \\$a  BK
=LAS  \\$aBATCH-CLA$b00$c20230924$lBLL01$h0649
=SID  \\$aZ39$bOCLC
=TCO  \\$aTRS$bCCC$c008

