=LDR  03862cam a22006017a 4500
=001  015548078
=003  Uk
=005  20230924064942.0
=008  100430s2010\\\\maua\\\\\b\\\\000\0\eng\d
=035  \\$a(OCoLC)610217761
=040  \\$aLOL$cLOL$dUk
=042  \\$aukblderived
=043  \\$an-us---
=245  00$aWhy I lost my secretary :$bthe effect of endowment shocks on university operations /$cJeffrey Brown ... [et al.].
=260  \\$aCambridge, Mass. :$bNational Bureau of Economic Research,$c2010.
=300  \\$a56 p. :$bill. ;$c22 cm.
=336  \\$atext$2rdacontent
=337  \\$aunmediated$2rdamedia
=338  \\$avolume$2rdacarrier
=490  1\$aNBER working paper series ;$vno. 15861
=500  \\$a"April 2010".
=504  \\$aIncludes bibliographical references (p. 37-38).
=520  \\$aOver the past two decades, endowments have become an increasingly important component of the typical university's resource base. We examine how U.S. doctoral institutions' endowment payout policies and spending decisions are affected by financial market shocks to endowments. While most endowments have formal payout policies intended to smooth payouts over time, we find that universities are more likely to deviate from these policies following negative (but not positive) shocks. These negative shocks have important economic effects on university activities. Specifically, we find that universities with larger negative endowment shocks are relatively more likely to: (1) reduce support staff (e.g., secretaries) and maintenance, but not administrators; (2) among less selective institutions, reduce expenditures on tenure-system faculty while increasing the average salary of adjuncts/lecturers; (3) make larger cuts to tenure-system faculty and secretarial support when their endowment portfolio is less liquid (i.e. higher allocations to alternative assets such as hedge funds); and (4) among more selective universities, reduce financial aid for students the following Fall and enroll fewer freshmen. We also find that universities increase hiring when there are negative endowment shocks to their peers. Thus, financial shocks have real effects on university operations, but with cross-sectional variation in how universities respond.
=540  \\$aBritish Library not licensed to copy$c0$5Uk
=650  \0$aUniversities and colleges$zUnited States$xEndowments.
=650  \0$aUniversities and colleges$zUnited States$xFinance.
=650  \0$aCollege personnel management$xEconomic aspects$zUnited States.
=700  1\$aBrown, Jeffrey R.$q(Jeffrey Robert),$d1968-
=710  2\$aNational Bureau of Economic Research.
=830  \0$aWorking paper series (National Bureau of Economic Research) ;$vno. 15861.
=852  41$aBritish Library$bDSC$j6067.719500$ino. 15861
=856  4\$uhttp://papers.nber.org/papers/15861
=856  40$uhttp://www.nber.org/papers/w15861
=ACF  \\$aBritish Library not licensed to copy$c0$e01-oct-2013$hC$iCFP Excluded$5Uk
=CAT  \\$a7164$b40$c20100507$lBLL01$h1527
=CAT  \\$aBATCH-CLA$b00$c20130527$lBLL01$h0132
=CAT  \\$aBATCH-CLA$b00$c20130630$lBLL01$h1631
=CAT  \\$aIPL-CLA$c20130701$lBLL01$h0136
=CAT  \\$aBATCH-CLA$b00$c20130702$lBLL01$h0203
=CAT  \\$aBATCH-CLA$b00$c20130929$lBLL01$h1619
=CAT  \\$aIPL-CLA$c20130930$lBLL01$h1807
=CAT  \\$aBATCH-CLA$b00$c20131202$lBLL01$h0337
=CAT  \\$aIPL-CLA$c20140101$lBLL01$h0130
=CAT  \\$aBATCH-CLA$b00$c20140327$lBLL01$h1830
=CAT  \\$aIPL-CLA$c20140331$lBLL01$h1637
=CAT  \\$aW2308-1659$c20230923$lBLL01$h1055
=CAT  \\$aBATCH-CLA$b00$c20230924$lBLL01$h0649
=CFI  0\$aBritish Library not licensed to copy$c0$e01-apr-2014$hC$iCFP Excluded$5Uk
=FIN  \\$aY$d20100507
=FMT  \\$a  BK
=LAS  \\$aBATCH-CLA$b00$c20230924$lBLL01$h0649
=SID  \\$aZ39$bOCLC
=TCO  \\$aTRS$bCCC$c008

