=LDR  02758cam a22006017a 4500
=001  015549946
=003  Uk
=005  20230924064942.0
=008  100430s2010\\\\maua\\\\\b\\\\000\0\eng\d
=035  \\$a(OCoLC)610220280
=040  \\$aLOL$cLOL$dUk
=042  \\$aukblderived
=100  1\$aFang, Hanming.
=245  10$aTheories of statistical discrimination and affirmative action :$ba survey /$cHanming Fang, Andrea Moro.
=260  \\$aCambridge, Mass. :$bNational Bureau of Economic Research,$cc2010.
=300  \\$a74 p. :$bill. ;$c22 cm.
=336  \\$atext$2rdacontent
=337  \\$aunmediated$2rdamedia
=338  \\$avolume$2rdacarrier
=490  1\$aNBER working paper series ;$vno. 15860
=500  \\$a"April 2010".
=504  \\$aIncludes bibliographical references (p. 69-74).
=520  \\$aThis chapter surveys the theoretical literature on statistical discrimination and affirmative action. This literature suggests different explanations for the existence and persistence of group inequality. This survey highlights such differences and describes in these contexts the effects of color-sighted and color-blind affirmative action policies, and the efficiency implications of discriminatory outcomes.
=540  \\$aBritish Library not licensed to copy$c0$5Uk
=650  \0$aRace discrimination$xEconometric models.
=650  \0$aAffirmative action programs$xEconometric models.
=700  1\$aMoro, Andrea,$d1967-
=710  2\$aNational Bureau of Economic Research.
=830  \0$aWorking paper series (National Bureau of Economic Research) ;$vno. 15860.
=852  41$aBritish Library$bDSC$j6067.719500$ino. 15860
=856  4\$uhttp://papers.nber.org/papers/15860
=856  40$uhttp://www.nber.org/papers/w15860
=ACF  \\$aBritish Library not licensed to copy$c0$e01-oct-2013$hC$iCFP Excluded$5Uk
=CAT  \\$a9504$b40$c20100511$lBLL01$h1311
=CAT  \\$a9504$b40$c20100511$lBLL01$h1317
=CAT  \\$aBATCH-CLA$b00$c20130527$lBLL01$h0132
=CAT  \\$aBATCH-CLA$b00$c20130630$lBLL01$h1631
=CAT  \\$aIPL-CLA$c20130701$lBLL01$h0136
=CAT  \\$aBATCH-CLA$b00$c20130702$lBLL01$h0203
=CAT  \\$aBATCH-CLA$b00$c20130929$lBLL01$h1619
=CAT  \\$aIPL-CLA$c20130930$lBLL01$h1807
=CAT  \\$aBATCH-CLA$b00$c20131202$lBLL01$h0337
=CAT  \\$aIPL-CLA$c20140101$lBLL01$h0130
=CAT  \\$aBATCH-CLA$b00$c20140327$lBLL01$h1830
=CAT  \\$aIPL-CLA$c20140331$lBLL01$h1637
=CAT  \\$aW2308-1659$c20230923$lBLL01$h1055
=CAT  \\$aBATCH-CLA$b00$c20230924$lBLL01$h0649
=CFI  0\$aBritish Library not licensed to copy$c0$e01-apr-2014$hC$iCFP Excluded$5Uk
=FIN  \\$aY$d20100511
=FMT  \\$a  BK
=LAS  \\$aBATCH-CLA$b00$c20230924$lBLL01$h0649
=SID  \\$aZ39$bOCLC
=TCO  \\$aTRS$bCCC$c008

