=LDR  03203cam a22006377a 4500
=001  015549948
=003  Uk
=005  20230924064943.0
=008  100510s2010\\\\maua\\\\\b\\\\000\0\eng\d
=035  \\$a(OCoLC)613215225
=040  \\$aLOL$cLOL$dUk
=042  \\$aukblderived
=043  \\$af-ug---
=100  10$aGollin, Douglas.
=245  10$aAgriculture, roads, and economic development in Uganda /$cDouglas Gollin, Richard Rogerson.
=260  \\$aCambridge, Mass. :$bNational Bureau of Economic Research,$cc2010.
=300  \\$a61 p. :$bill. ;$c22 cm.
=336  \\$atext$2rdacontent
=337  \\$aunmediated$2rdamedia
=338  \\$avolume$2rdacarrier
=490  1\$aNBER working paper series ;$vno. 15863
=500  \\$a"April 2010".
=504  \\$aIncludes bibliographical references (p. 54-61).
=520  \\$aA large fraction of Uganda's population continues to earn a living from quasi-subsistence agriculture. This paper uses a static general equilibrium model to explore the relationships between high transportation costs, low productivity, and the size of the quasi-subsistence sector. We parameterize the model to replicate some key features of the Ugandan data, and we then perform a series of quantitative experiments. Our results suggest that the population in quasi-subsistence agriculture is highly sensitive both to agricultural productivity levels and to transportation costs. The model also suggests positive complementarities between improvements in agricultural productivity and transportation.
=540  \\$aBritish Library not licensed to copy$c0$5Uk
=650  \0$aSubsistence farming$zUganda$xEconometric models.
=650  \0$aTransportation$xCosts$xEconomic aspects$zUganda.
=650  \0$aAgricultural productivity$xEconomic aspects$zUganda.
=700  1\$aRogerson, Richard Donald.
=710  2\$aNational Bureau of Economic Research.
=830  \0$aWorking paper series (National Bureau of Economic Research) ;$vno. 15863.
=852  41$aBritish Library$bDSC$j6067.719500$ino. 15863
=856  4\$uhttp://papers.nber.org/papers/15863
=856  40$uhttp://www.nber.org/papers/w15863
=ACF  \\$aBritish Library not licensed to copy$c0$e01-oct-2013$hC$iCFP Excluded$5Uk
=CAT  \\$a9504$b40$c20100511$lBLL01$h1316
=CAT  \\$aBATCH-CLA$b00$c20130527$lBLL01$h0132
=CAT  \\$aBATCH-CLA$b00$c20130630$lBLL01$h1631
=CAT  \\$aIPL-CLA$c20130701$lBLL01$h0136
=CAT  \\$aBATCH-CLA$b00$c20130702$lBLL01$h0203
=CAT  \\$aBATCH-CLA$b00$c20130929$lBLL01$h1619
=CAT  \\$aIPL-CLA$c20130930$lBLL01$h1807
=CAT  \\$aBATCH-CLA$b00$c20131202$lBLL01$h0337
=CAT  \\$aIPL-CLA$c20140101$lBLL01$h0130
=CAT  \\$aBATCH-CLA$b00$c20140327$lBLL01$h1830
=CAT  \\$aIPL-CLA$c20140331$lBLL01$h1637
=CAT  \\$aBATCH-UPD$b00$c20211217$lBLL01$h2107
=CAT  \\$aBATCH-CLA$b00$c20211218$lBLL01$h0139
=CAT  \\$aW2308-1659$c20230923$lBLL01$h1055
=CAT  \\$aBATCH-CLA$b00$c20230924$lBLL01$h0649
=CFI  0\$aBritish Library not licensed to copy$c0$e01-apr-2014$hC$iCFP Excluded$5Uk
=FIN  \\$aY$d20100511
=FMT  \\$a  BK
=LAS  \\$aBATCH-CLA$b00$c20230924$lBLL01$h0649
=SID  \\$aZ39$bOCLC
=TCO  \\$aTRS$bCCC$c008

