=LDR  02168cam a22005657a 4500
=001  015549986
=003  Uk
=005  20230924064943.0
=008  100510s2010\\\\xxua\\\\\b\\\\000\0\eng\\
=035  \\$a(OCoLC)613211801
=040  \\$aLOL$beng$cLOL$dUk
=042  \\$aukblsr
=100  10$aBarro, Robert J.
=245  12$aA new data set of educational attainment in the world, 1950-2010 /$cRobert J. Barro, Jong-Wha Lee.
=260  \\$aCambridge, Mass. :$bNational Bureau of Economic Research,$cc2010.
=300  \\$a47 p. :$bill. ;$c22 cm.
=336  \\$atext$2rdacontent
=337  \\$aunmediated$2rdamedia
=338  \\$avolume$2rdacarrier
=490  0\$aNBER working paper series ;$v15902
=504  \\$aIncludes bibliographical references.
=540  \\$aBritish Library not licensed to copy$c0$5Uk
=650  \0$aEducation$xEconomic aspects.
=700  1\$aYi, Chong-hwa,$d1960-
=710  2\$aNational Bureau of Economic Research.
=852  41$aBritish Library$bDSC$j6067.719500$ino. 15902
=856  40$uhttp://www.nber.org/papers/w15902
=ACF  \\$aBritish Library not licensed to copy$c0$e01-oct-2013$hC$iCFP Excluded$5Uk
=CAT  \\$a9504$b40$c20100511$lBLL01$h1337
=CAT  \\$a11070$b40$c20100520$lBLL01$h1334
=CAT  \\$a11070$b40$c20100520$lBLL01$h1346
=CAT  \\$aBATCH-CLA$b00$c20130527$lBLL01$h0132
=CAT  \\$aBATCH-CLA$b00$c20130630$lBLL01$h1631
=CAT  \\$aIPL-CLA$c20130701$lBLL01$h0136
=CAT  \\$aBATCH-CLA$b00$c20130702$lBLL01$h0203
=CAT  \\$aBATCH-CLA$b00$c20130929$lBLL01$h1619
=CAT  \\$aIPL-CLA$c20130930$lBLL01$h1807
=CAT  \\$aBATCH-CLA$b00$c20131202$lBLL01$h0337
=CAT  \\$aIPL-CLA$c20140101$lBLL01$h0130
=CAT  \\$aBATCH-CLA$b00$c20140327$lBLL01$h1830
=CAT  \\$aIPL-CLA$c20140331$lBLL01$h1637
=CAT  \\$aBATCH-UPD$b00$c20141127$lBLL01$h2103
=CAT  \\$aW2308-1659$c20230923$lBLL01$h1055
=CAT  \\$aBATCH-CLA$b00$c20230924$lBLL01$h0649
=CFI  0\$aBritish Library not licensed to copy$c0$e01-apr-2014$hC$iCFP Excluded$5Uk
=FIN  \\$aY$d20100511
=FMT  \\$a  BK
=LAS  \\$aBATCH-CLA$b00$c20230924$lBLL01$h0649
=SID  \\$aZ39$bOCLC
=TCO  \\$aTRS$bCCC$c008

