=LDR  04084cam a22005897a 4500
=001  015565099
=003  Uk
=005  20230924064943.0
=008  100514s2010\\\\maua\\\\\b\\\\000\0\eng\d
=035  \\$a(OCoLC)614490497
=040  \\$aLOL$cLOL$dUk
=042  \\$aukblderived
=100  1\$aHanushek, Eric A.$q(Eric Alan),$d1943-
=245  14$aThe economics of international differences in educational achievement /$cEric A. Hanushek, Ludger Woessmann.
=260  \\$aCambridge, Mass. :$bNational Bureau of Economic Research,$c2010.
=300  \\$a70, [38] p. :$bill. ;$c22 cm.
=336  \\$atext$2rdacontent
=337  \\$aunmediated$2rdamedia
=338  \\$avolume$2rdacarrier
=490  1\$aNBER working paper series ;$vno. 15949
=500  \\$a"April 2010".
=504  \\$aIncludes bibliographical references (p. 55-70).
=520  \\$aAn emerging economic literature over the past decade has made use of international tests of educational achievement to analyze the determinants and impacts of cognitive skills. The cross-country comparative approach provides a number of unique advantages over national studies: It can exploit institutional variation that does not exist within countries; draw on much larger variation than usually available within any country; reveal whether any result is country-specific or more general; test whether effects are systematically heterogeneous in different settings; circumvent selection issues that plague within-country identification by using system-level aggregated measures; and uncover general-equilibrium effects that often elude studies in a single country. The advantages come at the price of concerns about the limited number of country observations, the mostly cross-sectional character of available achievement data, and possible bias from unobserved country factors such as culture. This chapter reviews the economic literature on international differences in educational achievement, restricting itself to comparative analyses that are not possible within single countries and placing particular emphasis on studies trying to address key issues of empirical identification. While quantitative input measures show little impact, several measures of institutional structures and of the quality of the teaching force can account for significant portions of the immense international differences in the level and equity of student achievement. Variations in skills measured by the international achievement tests are in turn strongly related to individual labor-market outcomes and, perhaps more importantly, to cross-country variations in economic growth.
=540  \\$aBritish Library not licensed to copy$c0$5Uk
=650  \0$aComparative education$xResearch.
=650  \0$aAcademic achievement$xEconometric models.
=700  1\$aWoessmann, Ludger.
=710  2\$aNational Bureau of Economic Research.
=830  \0$aWorking paper series (National Bureau of Economic Research) ;$vno. 15949.
=852  41$aBritish Library$bDSC$j6067.719500$ino. 15949
=856  4\$uhttp://papers.nber.org/papers/15949
=856  40$uhttp://www.nber.org/papers/w15949
=ACF  \\$aBritish Library not licensed to copy$c0$e01-oct-2013$hC$iCFP Excluded$5Uk
=CAT  \\$a7164$b40$c20100601$lBLL01$h0907
=CAT  \\$aBATCH-CLA$b00$c20130527$lBLL01$h0132
=CAT  \\$aBATCH-CLA$b00$c20130630$lBLL01$h1631
=CAT  \\$aIPL-CLA$c20130701$lBLL01$h0136
=CAT  \\$aBATCH-CLA$b00$c20130702$lBLL01$h0203
=CAT  \\$aBATCH-CLA$b00$c20130929$lBLL01$h1619
=CAT  \\$aIPL-CLA$c20130930$lBLL01$h1807
=CAT  \\$aBATCH-CLA$b00$c20131202$lBLL01$h0337
=CAT  \\$aIPL-CLA$c20140101$lBLL01$h0131
=CAT  \\$aBATCH-CLA$b00$c20140327$lBLL01$h1830
=CAT  \\$aIPL-CLA$c20140331$lBLL01$h1638
=CAT  \\$aW2308-1659$c20230923$lBLL01$h1056
=CAT  \\$aBATCH-CLA$b00$c20230924$lBLL01$h0649
=CFI  0\$aBritish Library not licensed to copy$c0$e01-apr-2014$hC$iCFP Excluded$5Uk
=FIN  \\$aY$d20100601
=FMT  \\$a  BK
=LAS  \\$aBATCH-CLA$b00$c20230924$lBLL01$h0649
=SID  \\$aZ39$bOCLC
=TCO  \\$aTRS$bCCC$c008

