=LDR  02984cam a22005777a 4500
=001  015571316
=003  Uk
=005  20230924064943.0
=008  100601s2010\\\\maua\\\\\b\\\\000\0\eng\\
=035  \\$a(OCoLC)635577811
=040  \\$aLOL$cLOL
=042  \\$aukblderived
=100  1\$aJackson, C. Kirabo.
=245  10$aMatch quality, worker productivity, and worker mobility :$bdirect evidence from teachers /$cC. Kirabo Jackson.
=260  \\$aCambridge, MA :$bNational Bureau of Economic Research,$cc2010.
=300  \\$a30 p. :$bill. ;$c22 cm.
=336  \\$atext$2rdacontent
=337  \\$aunmediated$2rdamedia
=338  \\$avolume$2rdacarrier
=490  1\$aNBER working paper series ;$vworking paper 15990
=500  \\$a"May 2010".
=504  \\$aIncludes bibliographical references (p. 29-30).
=520  3\$a"I investigate the importance of the match between teachers and schools for student achievement. I show that teacher effectiveness is higher after a move to a different school, and I estimate teacher-school match effects using a mixed effects estimator. Match quality can "explain away" a quarter of, and is as economically important as, teacher quality. Supporting models of worker mobility, teachers tend to exit schools with which match quality is low, and match quality is increasing in experience. This paper provides some of the first estimates of worker-firm match quality using output data as opposed to inferring productivity from wages or employment durations"--National Bureau of Economic Research web site.
=540  \\$aBritish Library not licensed to copy$c0$5Uk
=650  \0$aTeacher effectiveness$xEconometric models.
=650  \0$aAcademic achievement$xEconometric models.
=650  \0$aMatching theory.
=710  2\$aNational Bureau of Economic Research.
=830  \0$aWorking paper series (National Bureau of Economic Research) ;$vworking paper no. 15990.
=852  41$aBritish Library$bDSC$j6067.719500$ino. 15990
=856  40$uhttp://www.nber.org/papers/w15990
=ACF  \\$aBritish Library not licensed to copy$c0$e01-oct-2013$hC$iCFP Excluded$5Uk
=CAT  \\$a9504$b40$c20100608$lBLL01$h1344
=CAT  \\$aBATCH-CLA$b00$c20130527$lBLL01$h0132
=CAT  \\$aBATCH-CLA$b00$c20130630$lBLL01$h1631
=CAT  \\$aIPL-CLA$c20130701$lBLL01$h0136
=CAT  \\$aBATCH-CLA$b00$c20130702$lBLL01$h0203
=CAT  \\$aBATCH-CLA$b00$c20130929$lBLL01$h1619
=CAT  \\$aIPL-CLA$c20130930$lBLL01$h1807
=CAT  \\$aBATCH-CLA$b00$c20131202$lBLL01$h0337
=CAT  \\$aIPL-CLA$c20140101$lBLL01$h0131
=CAT  \\$aBATCH-CLA$b00$c20140327$lBLL01$h1830
=CAT  \\$aIPL-CLA$c20140331$lBLL01$h1638
=CAT  \\$aW2308-1659$c20230923$lBLL01$h1057
=CAT  \\$aBATCH-CLA$b00$c20230924$lBLL01$h0649
=CFI  0\$aBritish Library not licensed to copy$c0$e01-apr-2014$hC$iCFP Excluded$5Uk
=FIN  \\$aY$d20100608
=FMT  \\$a  BK
=LAS  \\$aBATCH-CLA$b00$c20230924$lBLL01$h0649
=SID  \\$aZ39$bOCLC
=TCO  \\$aTRS$bCCC$c008

