=LDR  03347cam a22005897a 4500
=001  015579355
=003  Uk
=005  20230924064943.0
=008  100603s2010\\\\maua\\\\\b\\\\000\0\eng\d
=035  \\$a(OCoLC)636628981
=040  \\$aLOL$cLOL$dUk
=042  \\$aukblderived
=043  \\$an-cn---
=100  1\$aHelliwell, John F.
=245  10$aHow much is social capital worth? /$cJohn F. Helliwell, Christopher P. Barrington-Leigh.
=260  \\$aCambridge, Mass. :$bNational Bureau of Economic Research,$c2010.
=300  \\$a24 p. :$bill. ;$c22 cm.
=336  \\$atext$2rdacontent
=337  \\$aunmediated$2rdamedia
=338  \\$avolume$2rdacarrier
=490  1\$aNBER working paper series ;$vno. 16025
=504  \\$aIncludes bibliographical references.
=520  \\$aThis paper uses data from global and Canadian surveys data to estimate the powerful linkages between social connections, their related social identities, and subjective well-being. Our explanatory variables include several measures of the extent and frequency of use of social networks, combined with a number of measures of general and domain-specific trust, which are often used to gauge effective social capital. Using these measures we find that trust and social network size and use are all strong predictors of subjective well-being. We demonstrate the size and impact of these effects by calculating compensating differentials, measured as the changes in household income that would produce equivalent levels of life satisfaction. We introduce three key measures of social identity -- the respondents' sense of belonging to their communities, province and country -- and find that they add significantly to the explanation of life satisfaction among Canadian respondents, and provide important mediating channels whereby social capital is linked to subjective well-being.
=540  \\$aBritish Library not licensed to copy$c0$5Uk
=650  \0$aSocial capital (Sociology)$zCanada.
=650  \0$aWell-being$zCanada$xEconometric models.
=700  1\$aBarrington-Leigh, Christopher P.
=710  2\$aNational Bureau of Economic Research.
=830  \0$aWorking paper series (National Bureau of Economic Research) ;$vno. 16025.
=852  41$aBritish Library$bDSC$j6067.719500$ino. 16025
=856  4\$uhttp://papers.nber.org/papers/16025
=856  40$uhttp://www.nber.org/papers/w16025
=ACF  \\$aBritish Library not licensed to copy$c0$e01-oct-2013$hC$iCFP Excluded$5Uk
=CAT  \\$a7164$b40$c20100616$lBLL01$h0829
=CAT  \\$aBATCH-CLA$b00$c20130527$lBLL01$h0132
=CAT  \\$aBATCH-CLA$b00$c20130630$lBLL01$h1631
=CAT  \\$aIPL-CLA$c20130701$lBLL01$h0136
=CAT  \\$aBATCH-CLA$b00$c20130702$lBLL01$h0203
=CAT  \\$aBATCH-CLA$b00$c20130929$lBLL01$h1619
=CAT  \\$aIPL-CLA$c20130930$lBLL01$h1807
=CAT  \\$aBATCH-CLA$b00$c20131202$lBLL01$h0337
=CAT  \\$aIPL-CLA$c20140101$lBLL01$h0132
=CAT  \\$aBATCH-CLA$b00$c20140327$lBLL01$h1830
=CAT  \\$aIPL-CLA$c20140331$lBLL01$h1638
=CAT  \\$aW2308-1659$c20230923$lBLL01$h1057
=CAT  \\$aBATCH-CLA$b00$c20230924$lBLL01$h0649
=CFI  0\$aBritish Library not licensed to copy$c0$e01-apr-2014$hC$iCFP Excluded$5Uk
=FIN  \\$aY$d20100616
=FMT  \\$a  BK
=LAS  \\$aBATCH-CLA$b00$c20230924$lBLL01$h0649
=SID  \\$aZ39$bOCLC
=TCO  \\$aTRS$bCCC$c008

