=LDR  03419cam a22005897a 4500
=001  015579405
=003  Uk
=005  20230924064943.0
=008  100614s2010\\\\maua\\\\\b\\\\000\0\eng\d
=035  \\$a(OCoLC)641321914
=040  \\$aLOL$cLOL$dLOL$dUk
=042  \\$aukblderived
=043  \\$ae-uk-en
=245  04$aThe impact of competition on management quality :$bevidence from public hospitals /$cNicholas Bloom ... [et al.].
=260  \\$aCambridge, Mass. :$bNational Bureau of Economic Research,$c2010.
=300  \\$a39 p. :$bill. ;$c22 cm.
=336  \\$atext$2rdacontent
=337  \\$aunmediated$2rdamedia
=338  \\$avolume$2rdacarrier
=490  1\$aNBER working paper series ;$vno. 16032
=500  \\$a"May 2010".
=504  \\$aIncludes bibliographical references (p. 18-21).
=520  \\$aIn this paper we examine the causal impact of competition on management quality. We analyze the hospital sector where geographic proximity is a key determinant of competition, and English public hospitals where political competition can be used to construct instrumental variables for market structure. Since almost all major English hospitals are government run, closing hospitals in areas where the governing party has a small majority is rare due to fear of electoral punishment. We find that management quality - measured using a new survey tool - is strongly correlated with financial and clinical outcomes such as survival rates from emergency heart attack admissions (AMI). More importantly, we find that higher competition (as indicated by a greater number of neighboring hospitals) is positively correlated with increased management quality, and this relationship strengthens when we instrument the number of local hospitals with local political competition. Adding another rival hospital increases the index of management quality by one third of a standard deviation and leads to a 10.7% reduction in heart-attack mortality rates.
=540  \\$aBritish Library not licensed to copy$c0$5Uk
=650  \0$aHospitals$zEngland$xManagement$xEconometric models.
=650  \0$aCompetition.
=700  1\$aBloom, Nick,$d1973-
=710  2\$aNational Bureau of Economic Research.
=830  \0$aWorking paper series (National Bureau of Economic Research) ;$vno. 16032.
=852  41$aBritish Library$bDSC$j6067.719500$ino. 16032
=856  4\$uhttp://papers.nber.org/papers/16032
=856  40$uhttp://www.nber.org/papers/w16032
=ACF  \\$aBritish Library not licensed to copy$c0$e01-oct-2013$hC$iCFP Excluded$5Uk
=CAT  \\$a7164$b40$c20100616$lBLL01$h0936
=CAT  \\$aBATCH-CLA$b00$c20130527$lBLL01$h0132
=CAT  \\$aBATCH-CLA$b00$c20130630$lBLL01$h1631
=CAT  \\$aIPL-CLA$c20130701$lBLL01$h0136
=CAT  \\$aBATCH-CLA$b00$c20130702$lBLL01$h0203
=CAT  \\$aBATCH-CLA$b00$c20130929$lBLL01$h1619
=CAT  \\$aIPL-CLA$c20130930$lBLL01$h1807
=CAT  \\$aBATCH-CLA$b00$c20131202$lBLL01$h0337
=CAT  \\$aIPL-CLA$c20140101$lBLL01$h0132
=CAT  \\$aBATCH-CLA$b00$c20140327$lBLL01$h1830
=CAT  \\$aIPL-CLA$c20140331$lBLL01$h1638
=CAT  \\$aW2308-1659$c20230923$lBLL01$h1057
=CAT  \\$aBATCH-CLA$b00$c20230924$lBLL01$h0649
=CFI  0\$aBritish Library not licensed to copy$c0$e01-apr-2014$hC$iCFP Excluded$5Uk
=FIN  \\$aY$d20100616
=FMT  \\$a  BK
=LAS  \\$aBATCH-CLA$b00$c20230924$lBLL01$h0649
=SID  \\$aZ39$bOCLC
=TCO  \\$aTRS$bCCC$c008

