=LDR  03099cam a22006017a 4500
=001  015579496
=003  Uk
=005  20230924064943.0
=008  100614s2010\\\\mauk\\\\\b\\\\000\0\eng\d
=035  \\$a(OCoLC)641330007
=040  \\$aLOL$cLOL$dUk
=042  \\$aukblderived
=043  \\$an-us---
=100  1\$aAng, Andrew.
=245  10$aBuild America Bonds /$cAndrew Ang, Vineer Bhansali, Yuhang Xing.
=260  \\$aCambridge, Mass. :$bNational Bureau of Economic Research,$c2010.
=300  \\$a15 p. :$btables ;$c22 cm.
=336  \\$atext$2rdacontent
=337  \\$aunmediated$2rdamedia
=338  \\$avolume$2rdacarrier
=490  1\$aNBER working paper series ;$vno. 16008
=500  \\$a"May 2010".
=504  \\$aIncludes bibliographical references (p. 11).
=520  \\$aBuild America Bonds (BABs) are a new form of municipal financing introduced in 2009. Investors in BAB municipal bonds receive interest payments that are taxable, but issuers receive a subsidy from the U.S. Treasury. The BAB program has succeeded in lowering the cost of funding for state and local governments with BAB issuers obtaining finance 54 basis points lower, on average, compared to issuing regular municipal bonds. For institutional investors, BAB issue yields are 116 basis points higher than comparable Treasuries and 88 basis points higher than comparable highly rated corporate bonds. For individual investors, BABs have lower yields than regular municipal bonds. Thus, on average the Federal government subsidy disadvantages individual U.S. taxpayers, who are the main holders of municipal bonds, and benefits new entrants in the municipal bond market.
=540  \\$aBritish Library not licensed to copy$c0$5Uk
=650  \0$aMunicipal bonds$zUnited States.
=700  1\$aBhansali, Vineer.
=700  1\$aXing, Yuhang.
=710  2\$aNational Bureau of Economic Research.
=830  \0$aWorking paper series (National Bureau of Economic Research) ;$vno. 16008.
=852  41$aBritish Library$bDSC$j6067.719500$ino. 16008
=856  4\$uhttp://papers.nber.org/papers/16008
=856  40$uhttp://www.nber.org/papers/w16008
=ACF  \\$aBritish Library not licensed to copy$c0$e01-oct-2013$hC$iCFP Excluded$5Uk
=CAT  \\$a7164$b40$c20100616$lBLL01$h1103
=CAT  \\$aBATCH-CLA$b00$c20130527$lBLL01$h0132
=CAT  \\$aBATCH-CLA$b00$c20130630$lBLL01$h1631
=CAT  \\$aIPL-CLA$c20130701$lBLL01$h0136
=CAT  \\$aBATCH-CLA$b00$c20130702$lBLL01$h0203
=CAT  \\$aBATCH-CLA$b00$c20130929$lBLL01$h1619
=CAT  \\$aIPL-CLA$c20130930$lBLL01$h1807
=CAT  \\$aBATCH-CLA$b00$c20131202$lBLL01$h0337
=CAT  \\$aIPL-CLA$c20140101$lBLL01$h0132
=CAT  \\$aBATCH-CLA$b00$c20140327$lBLL01$h1830
=CAT  \\$aIPL-CLA$c20140331$lBLL01$h1638
=CAT  \\$aW2308-1659$c20230923$lBLL01$h1057
=CAT  \\$aBATCH-CLA$b00$c20230924$lBLL01$h0649
=CFI  0\$aBritish Library not licensed to copy$c0$e01-apr-2014$hC$iCFP Excluded$5Uk
=FIN  \\$aY$d20100616
=FMT  \\$a  BK
=LAS  \\$aBATCH-CLA$b00$c20230924$lBLL01$h0649
=SID  \\$aZ39$bOCLC
=TCO  \\$aTRS$bCCC$c008

