=LDR  03180cam a22006017a 4500
=001  015582593
=003  Uk
=005  20230924064943.0
=008  100615s2010\\\\mau\\\\\\b\\\\000\0\eng\d
=035  \\$a(OCoLC)641673205
=040  \\$aLOL$cLOL$dUk
=042  \\$aukblderived
=100  1\$aAlevy, Jonathan E.
=245  10$aHow can behavioral economics inform non-market valuation? :$ban example from the preference reversal literature /$cJonathan E. Alevy, John List, Wiktor Adamowicz.
=260  \\$aCambridge, Mass. :$bNational Bureau of Economic Research,$cc2010.
=300  \\$a35 p. ;$c22 cm.
=336  \\$atext$2rdacontent
=337  \\$aunmediated$2rdamedia
=338  \\$avolume$2rdacarrier
=490  1\$aNBER working paper series ;$vno. 16036
=500  \\$a"May 2010".
=504  \\$aIncludes bibliographical references (p. 27-29).
=520  \\$aPsychological insights have made inroads within most major areas of study in economics. One area where less advance has been made is environmental and resource economics. In this study, we examine the implications of preference reversals over evaluation modes, in which stated economic values critically depend on whether the good is valued jointly with others or in isolation. The question arises because two commonly used methods for eliciting stated preferences differ in that one presents objects together and another presents objects to be evaluated in isolation. Beyond showing an example of the import of behavioral economics, our empirical evidence sheds new light on the factors associated with insensitivity of valuations to the scope of the good.
=540  \\$aBritish Library not licensed to copy$c0$5Uk
=650  \0$aPublic goods$xValuation$xEconometric models.
=650  \0$aEnvironmental protection$xValuation$xEconometric models.
=650  \0$aEconomics$xPsychological aspects.
=700  1\$aAdamowicz, Wiktor L.,$d1959-
=710  2\$aNational Bureau of Economic Research.
=830  \0$aWorking paper series (National Bureau of Economic Research) ;$vno. 16036.
=852  41$aBritish Library$bDSC$j6067.719500$ino. 16036
=856  4\$uhttp://papers.nber.org/papers/16036
=856  40$uhttp://www.nber.org/papers/w16036
=ACF  \\$aBritish Library not licensed to copy$c0$e01-oct-2013$hC$iCFP Excluded$5Uk
=CAT  \\$a9504$b40$c20100622$lBLL01$h1144
=CAT  \\$aBATCH-CLA$b00$c20130527$lBLL01$h0132
=CAT  \\$aBATCH-CLA$b00$c20130630$lBLL01$h1631
=CAT  \\$aIPL-CLA$c20130701$lBLL01$h0137
=CAT  \\$aBATCH-CLA$b00$c20130702$lBLL01$h0203
=CAT  \\$aBATCH-CLA$b00$c20130929$lBLL01$h1619
=CAT  \\$aIPL-CLA$c20130930$lBLL01$h1807
=CAT  \\$aBATCH-CLA$b00$c20131202$lBLL01$h0337
=CAT  \\$aIPL-CLA$c20140101$lBLL01$h0132
=CAT  \\$aBATCH-CLA$b00$c20140327$lBLL01$h1830
=CAT  \\$aIPL-CLA$c20140331$lBLL01$h1638
=CAT  \\$aW2308-1659$c20230923$lBLL01$h1057
=CAT  \\$aBATCH-CLA$b00$c20230924$lBLL01$h0649
=CFI  0\$aBritish Library not licensed to copy$c0$e01-apr-2014$hC$iCFP Excluded$5Uk
=FIN  \\$aY$d20100622
=FMT  \\$a  BK
=LAS  \\$aBATCH-CLA$b00$c20230924$lBLL01$h0649
=SID  \\$aZ39$bOCLC
=TCO  \\$aTRS$bCCC$c008

