=LDR  02850cam a22005777a 4500
=001  015582789
=003  Uk
=005  20230924064943.0
=008  100611s2010\\\\maua\\\\\b\\\\000\0\eng\d
=035  \\$a(OCoLC)640155716
=040  \\$aLOL$cLOL$dUk
=042  \\$aukblderived
=100  1\$aEhrlich, Isaac.
=245  10$aTaxing guns vs. taxing crime :$ban application of the "market for offenses model" /$cIsaac Ehrlich, Tetsuya Saito.
=260  \\$aCambridge, Mass. :$bNational Bureau of Economic Research,$cc2010.
=300  \\$a35 p. :$bill. ;$c22 cm.
=336  \\$atext$2rdacontent
=337  \\$aunmediated$2rdamedia
=338  \\$avolume$2rdacarrier
=490  1\$aNBER working paper series ;$vno. 16009
=500  \\$a"May 2010".
=504  \\$aIncludes bibliographical references (p. 32).
=520  \\$aThe interaction between offenders and potential victims has so far received relatively little attention in the literature on the economics of crime. The main objective of this paper is twofold: to extend the "market for offenses model" to deal with both "product" and "factor" markets, and to apply it to the case where guns are used for crime commission by offenders and for self-protection by potential victims. Our analysis offers new insights about the association between crime and guns and the limits it imposes on the efficacy of law enforcement and regulatory policies aimed to control both crime and guns.
=540  \\$aBritish Library not licensed to copy$c0$5Uk
=650  \0$aFirearms and crime$xEconometric models.
=700  1\$aSaito, Tetsuya.
=710  2\$aNational Bureau of Economic Research.
=830  \0$aWorking paper series (National Bureau of Economic Research) ;$vno. 16009.
=852  41$aBritish Library$bDSC$j6067.719500$ino. 16009
=856  4\$uhttp://papers.nber.org/papers/16009
=856  40$uhttp://www.nber.org/papers/w16009
=ACF  \\$aBritish Library not licensed to copy$c0$e01-oct-2013$hC$iCFP Excluded$5Uk
=CAT  \\$a9504$b40$c20100622$lBLL01$h1423
=CAT  \\$aBATCH-CLA$b00$c20130527$lBLL01$h0132
=CAT  \\$aBATCH-CLA$b00$c20130630$lBLL01$h1631
=CAT  \\$aIPL-CLA$c20130701$lBLL01$h0137
=CAT  \\$aBATCH-CLA$b00$c20130702$lBLL01$h0203
=CAT  \\$aBATCH-CLA$b00$c20130929$lBLL01$h1619
=CAT  \\$aIPL-CLA$c20130930$lBLL01$h1807
=CAT  \\$aBATCH-CLA$b00$c20131202$lBLL01$h0337
=CAT  \\$aIPL-CLA$c20140101$lBLL01$h0132
=CAT  \\$aBATCH-CLA$b00$c20140327$lBLL01$h1830
=CAT  \\$aIPL-CLA$c20140331$lBLL01$h1638
=CAT  \\$aW2308-1659$c20230923$lBLL01$h1057
=CAT  \\$aBATCH-CLA$b00$c20230924$lBLL01$h0649
=CFI  0\$aBritish Library not licensed to copy$c0$e01-apr-2014$hC$iCFP Excluded$5Uk
=FIN  \\$aY$d20100622
=FMT  \\$a  BK
=LAS  \\$aBATCH-CLA$b00$c20230924$lBLL01$h0649
=SID  \\$aZ39$bOCLC
=TCO  \\$aTRS$bCCC$c008

