=LDR  02721cam a22004217a 4500
=001  015608355
=003  Uk
=005  20100722110604.0
=008  100715s2010\\\\maua\\\\\b\\\\000\0\eng\d
=035  \\$a(OCoLC)647998340
=040  \\$aLOL$cLOL$dUk
=042  \\$aukblderived
=100  1\$aGoda, Gopi Shah.
=245  10$aIncorporating employee heterogeneity into default rules for retirement plan selection /$cGopi Shah Goda, Colleen Flaherty Manchester.
=260  \\$aCambridge, Mass. :$bNational Bureau of Economic Research,$cc2010.
=300  \\$a49 p. :$bill. ;$c21 cm.
=336  \\$atext$2rdacontent
=337  \\$aunmediated$2rdamedia
=338  \\$avolume$2rdacarrier
=490  1\$aNBER working paper series ;$vno. 16099
=500  \\$a"June 2010."
=504  \\$aIncludes bibliographical references (p. 31-34).
=520  \\$aThis paper examines the effect of incorporating individual-level heterogeneity into default rules for retirement plan selection. We use data from a large employer that transitioned from a defined benefit (DB) plan to a defined contribution (DC) plan, offering existing employees a one-time opportunity to make an irrevocable choice between plans. Employees who did not make a choice were defaulted to switch to the DC plan if under age 45 or remain in the DB plan if age 45 or older. Using a regression discontinuity framework, we estimate that the default increased the probability of enrolling in one plan over the other by 60 percentage points. We develop a framework to solve for the optimal age-based default rule analytically and use our results to empirically evaluate the optimal age-based default rule for the firm in our setting. Our simulations show that for a broad range of levels of risk aversion, allowing the default for the choice between pension plans to vary by age can substantially improve outcomes relative to a uniform default policy. Our results suggest that considerable welfare gains are possible in our model by varying defaults by observable characteristics.
=650  \0$aRetirement$xPlanning$xDecision making.
=650  \0$aDefined benefit pension plans.
=650  \0$aDefined contribution pension plans.
=700  1\$aFlaherty, Colleen N.
=710  2\$aNational Bureau of Economic Research.
=830  \0$aWorking paper series (National Bureau of Economic Research) ;$vno. 16099.
=852  41$aBritish Library$bDSC$j6067.519500$ino. 16099
=856  4\$uhttp://papers.nber.org/papers/16099
=856  40$uhttp://www.nber.org/papers/w16099
=CAT  \\$a7233$b40$c20100722$lBLL01$h1106
=CAT  \\$aW2308-1659$c20230923$lBLL01$h1058
=FIN  \\$aY$d20100722
=FMT  \\$a  BK
=LAS  \\$aW2308-1659$b00$c20230923$lBLL01$h1058
=SID  \\$aZ39$bOCLC

