=LDR  04048 am a22007097a 4500
=001  015831277
=003  Uk
=005  20110622102525.0
=007  cr\cn|||||||||
=008  110525s2011\\\\maua\\\\\b\\\\000\0\eng\\
=035  \\$a(OCoLC)727063377
=040  \\$aNLM$cNLM$dLOL$dUk
=042  \\$aukblderived
=043  \\$an-us---
=060  00$a2011 F-549
=060  10$aWT 31
=245  00$aHow does risk selection respond to risk adjustment? :$bevidence from the Medicare Advantage Program /$cJason Brown ... [et al.].
=260  \\$aCambridge, MA :$bNational Bureau of Economic Research,$c2011.
=300  \\$a53 p. :$bill. ;$c22 cm.
=336  \\$atext$2rdacontent
=337  \\$acomputer$2rdamedia
=338  \\$aonline resource$2rdacarrier
=490  1\$aNBER working paper series ;$vworking paper 16977
=504  \\$aIncludes bibliographical references (p. 35-38).
=520  \\$aGovernments often contract with private firms to provide public services such as health care and education. To decrease firms' incentives to selectively enroll low-cost individuals, governments frequently "risk-adjust" payments to firms based on enrollees' characteristics. We model how risk adjustment affects selection and differential payments--the government's payments to a firm for covering an individual minus the counterfactual cost had the government directly covered her. We show that firms reduce selection along dimensions included in the risk-adjustment formula, while increasing selection along excluded dimensions. These responses can actually increase differential payments relative to pre-risk-adjustment levels and thus risk adjustment can raise the total cost to the government of providing the public service. We confirm both selection predictions using individual-level data from Medicare, which in 2004 began risk-adjusting payments to private Medicare Advantage plans. We find that differential payments actually rise after risk adjustment and estimate that they totaled {dollar}30 billion in 2006, or nearly eight percent of total Medicare spending.
=530  \\$aAlso issued online.
=540  \\$aBritish Library not licensed to copy$c0$5Uk
=650  12$aMedicare$xorganization & administration.
=650  22$aContract Services$xeconomics$zUnited States.
=650  22$aGovernment Agencies$xorganization & administration$zUnited States.
=650  22$aOutsourced Services$xeconomics$zUnited States.
=650  22$aRisk Adjustment$zUnited States.
=650  \0$aMedicare.
=650  \0$aContracting out$zUnited States.
=650  \0$aAdverse selection (Insurance)$zUnited States.
=700  1\$aBrown, Jason$q(Jason Derrick).
=710  2\$aNational Bureau of Economic Research.
=830  \0$aWorking paper series (National Bureau of Economic Research) ;$vworking paper 16977.
=852  49$aBritish Library$bDSC$j6067.719500
=856  4\$uhttp://www.nber.org/papers/w16977
=ACF  \\$aBritish Library not licensed to copy$c0$e01-apr-2013$hC$iCFP Excluded$5Uk
=ACF  \\$aBritish Library not licensed to copy$c0$e01-oct-2013$hC$iCFP Excluded$5Uk
=CAT  \\$a7164$b40$c20110622$lBLL01$h1025
=CAT  \\$aBATCH-CLA$b00$c20130429$lBLL01$h0154
=CAT  \\$aBATCH-CLA$b00$c20130508$lBLL01$h0739
=CAT  \\$aBATCH-CLA$b00$c20130630$lBLL01$h1631
=CAT  \\$aIPL-CLA$c20130701$lBLL01$h0144
=CAT  \\$aBATCH-CLA$b00$c20130929$lBLL01$h1620
=CAT  \\$aIPL-CLA$c20130930$lBLL01$h1811
=CAT  \\$aBATCH-CLA$b00$c20131202$lBLL01$h0338
=CAT  \\$aIPL-CLA$c20140101$lBLL01$h0147
=CAT  \\$aBATCH-CLA$b00$c20140327$lBLL01$h1830
=CAT  \\$aIPL-CLA$c20140331$lBLL01$h1639
=CAT  \\$aBATCH-UPD$b00$c20170210$lBLL01$h1123
=CAT  \\$aW1707-0052$c20170703$lBLL01$h1914
=CFI  0\$aBritish Library not licensed to copy$c0$e01-apr-2014$hC$iCFP Excluded$5Uk
=CFI  2\$aBritish Library not licensed to copy$c0$e01-jan-2014$hC$iCFP Excluded$5Uk
=FIN  \\$aY$d20110622
=FMT  \\$a  BK
=LAS  \\$aW1707-0052$b00$c20170703$lBLL01$h1914
=SID  \\$aZ39$bOCLC
=TCO  \\$aTRS$bCCC$c008

