=LDR  02674 am a22006737a 4500
=001  015831502
=003  Uk
=005  20110622133934.0
=007  cr\cn|||||||||
=008  110526s2011\\\\maua\\\\\b\\\\000\0\eng\\
=035  \\$a(OCoLC)729826654
=040  \\$aNLM$cNLM
=042  \\$aukblderived
=060  00$a2011 F-550
=060  10$aW 74 AA1
=100  1\$aChandra, Amitabh.
=245  14$aThe pragmatist's guide to comparative effectiveness research /$cAmitabh Chandra, Anupam B. Jena, Jonathan S. Skinner.
=260  \\$aCambridge, Mass :$bNational Bureau of Economic Research,$cc2011.
=300  \\$a27 p. :$bill. ;$c22 cm.
=336  \\$atext$2rdacontent
=337  \\$acomputer$2rdamedia
=338  \\$aonline resource$2rdacarrier
=490  1\$aNBER working paper series ;$vworking paper 16990
=500  \\$a"April 2011."
=504  \\$aIncludes bibliographical references.
=530  \\$aAlso issued online.
=540  \\$aBritish Library not licensed to copy$c0$5Uk
=650  12$aComparative Effectiveness Research$zUnited States.
=650  12$aHealth Expenditures$zUnited States.
=650  22$aCost-Benefit Analysis$zUnited States.
=650  22$aHealth Care Costs$zUnited States.
=650  22$aResource Allocation$zUnited States.
=700  1\$aJena, Anupam B.
=700  1\$aSkinner, Jonathan.
=710  2\$aNational Bureau of Economic Research.
=830  \0$aWorking paper series (National Bureau of Economic Research) ;$vworking paper 16990.
=852  49$aBritish Library$bDSC$j6067.719500
=856  4\$uhttp://www.nber.org/papers/w16990
=ACF  \\$aBritish Library not licensed to copy$c0$e01-apr-2013$hC$iCFP Excluded$5Uk
=ACF  \\$aBritish Library not licensed to copy$c0$e01-oct-2013$hC$iCFP Excluded$5Uk
=CAT  \\$a9504$b40$c20110622$lBLL01$h1339
=CAT  \\$aBATCH-CLA$b00$c20130429$lBLL01$h0154
=CAT  \\$aBATCH-CLA$b00$c20130508$lBLL01$h0739
=CAT  \\$aBATCH-CLA$b00$c20130630$lBLL01$h1631
=CAT  \\$aIPL-CLA$c20130701$lBLL01$h0144
=CAT  \\$aBATCH-CLA$b00$c20130929$lBLL01$h1620
=CAT  \\$aIPL-CLA$c20130930$lBLL01$h1811
=CAT  \\$aBATCH-CLA$b00$c20131202$lBLL01$h0338
=CAT  \\$aIPL-CLA$c20140101$lBLL01$h0147
=CAT  \\$aBATCH-CLA$b00$c20140327$lBLL01$h1830
=CAT  \\$aIPL-CLA$c20140331$lBLL01$h1639
=CAT  \\$aW1707-0052$c20170703$lBLL01$h1914
=CFI  0\$aBritish Library not licensed to copy$c0$e01-apr-2014$hC$iCFP Excluded$5Uk
=CFI  2\$aBritish Library not licensed to copy$c0$e01-jan-2014$hC$iCFP Excluded$5Uk
=FIN  \\$aY$d20110622
=FMT  \\$a  BK
=LAS  \\$aW1707-0052$b00$c20170703$lBLL01$h1914
=SID  \\$aZ39$bOCLC
=TCO  \\$aTRS$bCCC$c008

