=LDR  02687 am a22006617a 4500
=001  015968468
=003  Uk
=005  20111115085733.0
=007  cr\cn|||||||||
=008  111013s2011\\\\maua\\\\\bs\\\000\0\eng\\
=035  \\$a(OCoLC)760270668
=040  \\$aNLM$beng$cNLM$dUk
=042  \\$aukblderived
=060  00$a2011 K-006
=060  10$aW 84 AA1
=100  1\$aDavid, Guy,$cPh. D.
=245  10$aIntegration and task allocation :$bevidence from patient care /$cGuy David, Evan Rawley, Daniel Polsky.
=260  \\$aCambridge, Mass. :$bNational Bureau of Economic Research,$cc2011.
=300  \\$a46 p. :$bill. ;$c22 cm.
=336  \\$atext$2rdacontent
=337  \\$acomputer$2rdamedia
=338  \\$aonline resource$2rdacarrier
=490  1\$aNBER working paper series ;$vworking paper 17419
=500  \\$a"September 2011."
=504  \\$aIncludes bibliographical references.
=530  \\$aAlso issed online.
=540  \\$aBritish Library not licensed to copy$c0$5Uk
=650  12$aDelivery of Health Care, Integrated$zUnited States$vStatistics.
=650  22$aContinuity of Patient Care$zUnited States$vStatistics.
=650  22$aModels, Organizational$zUnited States$vStatistics.
=650  22$aTask Performance and Analysis$zUnited States$vStatistics.
=700  1\$aRawley, Evan.
=700  1\$aPolsky, Daniel.
=710  2\$aNational Bureau of Economic Research.
=830  \0$aWorking paper series (National Bureau of Economic Research) ;$vworking paper 17419.
=852  49$aBritish Library$bDSC$j6067.719500
=856  4\$uhttp://www.nber.org/papers/w17419
=ACF  \\$aBritish Library not licensed to copy$c0$e01-apr-2013$hC$iCFP Excluded$5Uk
=ACF  \\$aBritish Library not licensed to copy$c0$e01-oct-2013$hC$iCFP Excluded$5Uk
=CAT  \\$a9504$b40$c20111115$lBLL01$h0857
=CAT  \\$aBATCH-CLA$b00$c20130429$lBLL01$h0154
=CAT  \\$aBATCH-CLA$b00$c20130508$lBLL01$h0739
=CAT  \\$aBATCH-CLA$b00$c20130630$lBLL01$h1631
=CAT  \\$aIPL-CLA$c20130701$lBLL01$h0148
=CAT  \\$aBATCH-CLA$b00$c20130929$lBLL01$h1620
=CAT  \\$aIPL-CLA$c20130930$lBLL01$h1812
=CAT  \\$aBATCH-CLA$b00$c20131202$lBLL01$h0339
=CAT  \\$aIPL-CLA$c20140101$lBLL01$h0153
=CAT  \\$aBATCH-CLA$b00$c20140327$lBLL01$h1831
=CAT  \\$aIPL-CLA$c20140331$lBLL01$h1640
=CAT  \\$aW1707-0052$c20170703$lBLL01$h1916
=CFI  0\$aBritish Library not licensed to copy$c0$e01-apr-2014$hC$iCFP Excluded$5Uk
=CFI  2\$aBritish Library not licensed to copy$c0$e01-jan-2014$hC$iCFP Excluded$5Uk
=FIN  \\$aY$d20111115
=FMT  \\$a  BK
=LAS  \\$aW1707-0052$b00$c20170703$lBLL01$h1916
=SID  \\$aZ39$bOCLC
=TCO  \\$aTRS$bCCC$c008

