=LDR  02451 am a22006017a 4500
=001  015970835
=003  Uk
=005  20111116110950.0
=007  cr\bn|||||||||
=008  111013s2011\\\\maua\\\\\bs\\\000\0\eng\\
=035  \\$a(OCoLC)759563331
=040  \\$aNLM$beng$cNLM
=060  00$a2011 K-005
=060  10$aWB 300
=100  1\$aLichtenberg, Frank R.
=245  14$aThe impact of therapeutic procedure innovation on hospital patient longevity :$bevidence from Western Australia, 2000-2007 /$cFrank R. Lichtenberg.
=260  \\$aCambridge, MA :$bNational Bureau of Economic Research,$cc2011.
=300  \\$a17 p. :$bill. ;$c22 cm.
=336  \\$atext$2rdacontent
=337  \\$acomputer$2rdamedia
=338  \\$aonline resource$2rdacarrier
=490  1\$aNBER working paper series ;$vworking paper 17414
=500  \\$a"September 2011."
=504  \\$aIncludes bibliographical references.
=530  \\$aAlso issued online.
=540  \\$aBritish Library not licensed to copy$c0$5Uk
=650  12$aTherapeutics$xmortality.
=650  22$aInpatients$vStatistics.
=650  22$aSurvival Rate$xtrends$vStatistics.
=710  2\$aNational Bureau of Economic Research.
=830  \0$aWorking paper series (National Bureau of Economic Research) ;$vworking paper no. 17414.
=852  49$aBritish Library$bDSC$j6067.719500
=856  4\$uhttp://www.nber.org/papers/w17414
=ACF  \\$aBritish Library not licensed to copy$c0$e01-apr-2013$hC$iCFP Excluded$5Uk
=ACF  \\$aBritish Library not licensed to copy$c0$e01-oct-2013$hC$iCFP Excluded$5Uk
=CAT  \\$a7164$b40$c20111116$lBLL01$h1109
=CAT  \\$aBATCH-CLA$b00$c20130429$lBLL01$h0154
=CAT  \\$aBATCH-CLA$b00$c20130508$lBLL01$h0739
=CAT  \\$aBATCH-CLA$b00$c20130630$lBLL01$h1631
=CAT  \\$aIPL-CLA$c20130701$lBLL01$h0148
=CAT  \\$aBATCH-CLA$b00$c20130929$lBLL01$h1620
=CAT  \\$aIPL-CLA$c20130930$lBLL01$h1813
=CAT  \\$aBATCH-CLA$b00$c20131202$lBLL01$h0339
=CAT  \\$aIPL-CLA$c20140101$lBLL01$h0153
=CAT  \\$aBATCH-CLA$b00$c20140327$lBLL01$h1831
=CAT  \\$aIPL-CLA$c20140331$lBLL01$h1640
=CAT  \\$aW1707-0052$c20170703$lBLL01$h1916
=CFI  0\$aBritish Library not licensed to copy$c0$e01-apr-2014$hC$iCFP Excluded$5Uk
=CFI  2\$aBritish Library not licensed to copy$c0$e01-jan-2014$hC$iCFP Excluded$5Uk
=FMT  \\$a  BK
=LAS  \\$aW1707-0052$b00$c20170703$lBLL01$h1916
=SID  \\$aZ39$bOCLC
=TCO  \\$aTRS$bCCC$c008

