=LDR  02218 am a22005417a 4500
=001  016101701
=003  Uk
=005  20120614140010.0
=008  120525s2012\\\\maua\\\\\b\\\\000\0\eng\d
=035  \\$a(OCoLC)794271633
=040  \\$aNFP$beng$cNFP$dUk
=100  10$aCurrie, Janet.
=245  10$aWeathering the storm :$bhurricanes and birth outcomes /$cJanet Currie, Maya Rossin-Slater.
=260  \\$aCambridge, Mass. :$bNational Bureau of Economic Research,$cc2012.
=300  \\$a33, [17] p. :$bmap ;$c22 cm.
=336  \\$atext$2rdacontent
=337  \\$aunmediated$2rdamedia
=338  \\$avolume$2rdacarrier
=490  1\$aNBER working paper series ;$vno. 18070
=504  \\$aIncludes bibliographical references (p. 32-33).
=540  \\$aBritish Library not licensed to copy$c0$5Uk
=700  1\$aRossin-Slater, Maya.
=710  2\$aNational Bureau of Economic Research.
=830  \0$aWorking paper series (National Bureau of Economic Research) ;$vno. 18070.
=852  49$aBritish Library$bDSC$j6067.719500
=856  41$uhttp://papers.nber.org/papers/18070
=ACF  \\$aBritish Library not licensed to copy$c0$e01-apr-2013$hC$iCFP Excluded$5Uk
=ACF  \\$aBritish Library not licensed to copy$c0$e01-oct-2013$hC$iCFP Excluded$5Uk
=CAT  \\$a9504$b40$c20120611$lBLL01$h1456
=CAT  \\$a11070$b40$c20120614$lBLL01$h1400
=CAT  \\$aBATCH-CLA$b00$c20130429$lBLL01$h0155
=CAT  \\$aBATCH-CLA$b00$c20130508$lBLL01$h0739
=CAT  \\$aBATCH-CLA$b00$c20130630$lBLL01$h1632
=CAT  \\$aIPL-CLA$c20130701$lBLL01$h0151
=CAT  \\$aBATCH-CLA$b00$c20130929$lBLL01$h1620
=CAT  \\$aIPL-CLA$c20130930$lBLL01$h1814
=CAT  \\$aBATCH-CLA$b00$c20131202$lBLL01$h0339
=CAT  \\$aIPL-CLA$c20140101$lBLL01$h0200
=CAT  \\$aBATCH-CLA$b00$c20140327$lBLL01$h1831
=CAT  \\$aIPL-CLA$c20140331$lBLL01$h1641
=CAT  \\$aBATCH-UPD$b00$c20141125$lBLL01$h1552
=CFI  0\$aBritish Library not licensed to copy$c0$e01-apr-2014$hC$iCFP Excluded$5Uk
=CFI  2\$aBritish Library not licensed to copy$c0$e01-jan-2014$hC$iCFP Excluded$5Uk
=FIN  \\$aY$d20120614
=FMT  \\$a  BK
=LAS  \\$aBATCH-UPD$b00$c20141125$lBLL01$h1552
=SID  \\$aZ39$bOCLC
=TCO  \\$aTRS$bCCC$c008

