=LDR  03879cam a22005777a 4500
=001  014053563
=003  Uk
=005  20230924064923.0
=007  cr\mn|||||||||
=008  071003s2007\\\\maua\\\\\b\\\\000\0\eng\d
=035  \\$a(OCoLC)173643599
=040  \\$aGZM$cGZM$dUk
=100  1\$aFarhi, Emmanuel.
=245  10$aCapital taxation and ownership when markets are incomplete /$cEmmanuel Farhi.
=260  \\$aCambridge, Mass. :$bNational Bureau of Economic Research,$cc2007.
=300  \\$a44 p. :$bill. ;$c22 cm.
=336  \\$atext$2rdacontent
=337  \\$acomputer$2rdamedia
=338  \\$aonline resource$2rdacarrier
=490  1\$aNBER working paper series ;$vno. 13390
=500  \\$a"September 2007".
=504  \\$aIncludes bibliographical references (p. 43-44).
=520  \\$aThis paper analyzes the theoretical and quantitative implications of optimal capital taxation in the neoclassical growth model with aggregate shocks and incomplete markets. The model features a representative-agent economy with proportional taxes on labor and capital. I first consider the case that the only asset the government can trade is a real risk-free bond. Taxes on capital are set one period in advance, reflecting inertia in tax codes and ruling out replication of the complete markets allocation. Because capital income varies with the state of the economy, capital taxation provides a state contingent source of revenues. I thus identify a novel potential role for capital taxation as a risk sharing instrument between the government and private agents. However, this benefit must be weighted again the distortionary cost of capital taxation. For a baseline case, the optimal policy features a zero tax on capital. Moreover, numerical simulations show that the baseline case provides an excellent benchmark. I next allow the government to hold a non trivial position in capital. Capital ownership provides the same benefit or risk sharing but without the cost of tax distortions. In a variety of quantitative exercises, I show that capital ownership allows the government to realize about 90% of the welfare gains from moving to complete markets. Large positions are typically required for optimality. But smaller positions achieve substantial benefits. In a business-cycle simulation, I show that a 15% short equity position achieves over 40% of the welfare gains from completing markets.
=530  \\$aAlso available in PDF from the NBER World Wide Web site (www.nber.org).
=540  \\$aBritish Library not licensed to copy$c0$5Uk
=650  \0$aCapital levy$xMathematical models.
=710  2\$aNational Bureau of Economic Research.
=830  \0$aWorking paper series (National Bureau of Economic Research) ;$vworking paper no. 13390.
=852  41$aBritish Library$bDSC$j6067.719500$ino. 13390
=856  41$uhttp://www.nber.org/papers/W13390
=ACF  \\$aBritish Library not licensed to copy$c0$e01-oct-2013$hC$iCFP Excluded$5Uk
=CAT  \\$a8411$b40$c20071004$lBLL01$h0950
=CAT  \\$a11250$b40$c20071008$lBLL01$h0942
=CAT  \\$aBATCH-CLA$b00$c20130527$lBLL01$h0130
=CAT  \\$aBATCH-CLA$b00$c20130630$lBLL01$h1630
=CAT  \\$aIPL-CLA$c20130701$lBLL01$h0112
=CAT  \\$aBATCH-CLA$b00$c20130702$lBLL01$h0201
=CAT  \\$aBATCH-CLA$b00$c20130929$lBLL01$h1618
=CAT  \\$aIPL-CLA$c20130930$lBLL01$h1754
=CAT  \\$aBATCH-CLA$b00$c20131202$lBLL01$h0330
=CAT  \\$aIPL-CLA$c20140101$lBLL01$h0032
=CAT  \\$aBATCH-CLA$b00$c20140327$lBLL01$h1829
=CAT  \\$aIPL-CLA$c20140331$lBLL01$h1632
=CAT  \\$aW2308-1659$c20230923$lBLL01$h1110
=CAT  \\$aBATCH-CLA$b00$c20230924$lBLL01$h0649
=CFI  0\$aBritish Library not licensed to copy$c0$e01-apr-2014$hC$iCFP Excluded$5Uk
=FIN  \\$aY$d20071008
=FMT  \\$a  BK
=LAS  \\$aBATCH-CLA$b00$c20230924$lBLL01$h0649
=SID  \\$aZ39$bOCLC
=TCO  \\$aTRS$bCCC$c008

