=LDR  03237cam a22006497a 4500
=001  014053620
=003  Uk
=005  20230924064923.0
=007  cr\mn|||||||||
=008  071003s2007\\\\maua\\\\\b\\\\000\0\eng\d
=035  \\$a(OCoLC)173643638
=040  \\$aGZM$cGZM$dUk
=043  \\$aa-ja---
=100  1\$aHosono, Kaoru.
=245  10$aConsolidation of banks in Japan :$bcauses and consequences /$cKaoru Hosono, Koji Sakai, Kotaro Tsuru.
=260  \\$aCambridge, Mass. :$bNational Bureau of Economic Research,$cc2007.
=300  \\$a65 p. :$bill. ;$c22 cm.
=336  \\$atext$2rdacontent
=337  \\$acomputer$2rdamedia
=338  \\$aonline resource$2rdacarrier
=490  1\$aNBER working paper series ;$vno. 13399
=500  \\$a"September 2007".
=504  \\$aIncludes bibliographical references (p. 43-45).
=520  \\$aWe investigate the motives and consequences of the consolidation of banks in Japan during the period of fiscal year 1990-2004 using a comprehensive dataset. Our analysis suggests that the government's too-big-to-fail policy played an important role in the mergers and acquisitions (M&As), though its attempt does not seem to have been successful. The efficiency-improving motive also seems to have driven the M&As conducted by major banks and regional banks in the post-crisis period, while the market-power motive seems to have driven the M&As conducted by regional banks and corporative (shinkin) banks. We obtain no evidence that supports managerial motives for empire building.
=530  \\$aAlso available in PDF from the NBER World Wide Web site (www.nber.org).
=540  \\$aBritish Library not licensed to copy$c0$5Uk
=650  \0$aBank mergers$zJapan$xMathematical models.
=650  \0$aBanks and banking$xGovernment policy$zJapan.
=700  1\$aSakai, K.$q(Koji)
=700  1\$aTsuru, Kotaro.
=710  2\$aNational Bureau of Economic Research.
=830  \0$aWorking paper series (National Bureau of Economic Research) ;$vworking paper no. 13399.
=852  41$aBritish Library$bDSC$j6067.719500$ino. 13399
=856  41$uhttp://www.nber.org/papers/W13399
=ACF  \\$aBritish Library not licensed to copy$c0$e01-oct-2013$hC$iCFP Excluded$5Uk
=CAT  \\$a8411$b40$c20071004$lBLL01$h1053
=CAT  \\$a8411$b40$c20071212$lBLL01$h1000
=CAT  \\$a8411$b40$c20071212$lBLL01$h1051
=CAT  \\$aBATCH-UPD$b40$c20081104$lBLL01$h0042
=CAT  \\$aBATCH-CLA$b00$c20130527$lBLL01$h0130
=CAT  \\$aBATCH-CLA$b00$c20130630$lBLL01$h1630
=CAT  \\$aIPL-CLA$c20130701$lBLL01$h0112
=CAT  \\$aBATCH-CLA$b00$c20130702$lBLL01$h0201
=CAT  \\$aBATCH-CLA$b00$c20130929$lBLL01$h1618
=CAT  \\$aIPL-CLA$c20130930$lBLL01$h1754
=CAT  \\$aBATCH-CLA$b00$c20131202$lBLL01$h0330
=CAT  \\$aIPL-CLA$c20140101$lBLL01$h0032
=CAT  \\$aBATCH-CLA$b00$c20140327$lBLL01$h1829
=CAT  \\$aIPL-CLA$c20140331$lBLL01$h1632
=CAT  \\$aW2308-1659$c20230923$lBLL01$h1110
=CAT  \\$aBATCH-CLA$b00$c20230924$lBLL01$h0649
=CFI  0\$aBritish Library not licensed to copy$c0$e01-apr-2014$hC$iCFP Excluded$5Uk
=FIN  \\$aY$d20071004
=FMT  \\$a  BK
=LAS  \\$aBATCH-CLA$b00$c20230924$lBLL01$h0649
=SID  \\$aZ39$bOCLC
=TCO  \\$aTRS$bCCC$c008

