=LDR  03928cam a22006137a 4500
=001  014053746
=003  Uk
=005  20230924064923.0
=007  cr\mn|||||||||
=008  071003s2007\\\\maua\\\\\b\\\\000\0\eng\d
=035  \\$a(OCoLC)173644108
=040  \\$aGZM$cGZM$dUk
=043  \\$an-us---
=100  1\$aFryer, Roland G.
=245  10$aHatred and profits :$bgetting under the hood of the Ku Klux Klan /$cRoland G. Fryer, Jr, Steven D. Levitt.
=260  \\$aCambridge, Mass. :$bNational Bureau of Economic Research,$cc2007.
=300  \\$a41, [17] p. :$bill. ;$c22 cm.
=336  \\$atext$2rdacontent
=337  \\$acomputer$2rdamedia
=338  \\$aonline resource$2rdacarrier
=490  1\$aNBER working paper series ;$vno. 13417
=500  \\$a"September 2007".
=504  \\$aIncludes bibliographical references (p. 35-36).
=520  \\$aThe Ku Klux Klan reached its heyday in the mid-1920s, claiming millions of members. In this paper, we analyze the 1920s Klan, those who joined it, and the social and political impact that it had. We utilize a wide range of newly discovered data sources including information from Klan membership roles, applications, robe-order forms, an internal audit of the Klan by Ernst and Ernst, and a census that the Klan conducted after an internal scandal. Combining these sources with data from the 1920 and 1930 U.S. Censuses, we find that individuals who joined the Klan were better educated and more likely to hold professional jobs than the typical American. Surprisingly, we find few tangible social or political impacts of the Klan. There is little evidence that the Klan had an effect on black or foreign born residential mobility, or on lynching patterns. Historians have argued that the Klan was successful in getting candidates they favored elected. Statistical analysis, however, suggests that any direct impact of the Klan was likely to be small. Furthermore, those who were elected had little discernible effect on legislation passed. Rather than a terrorist organization, the 1920s Klan is best described as a social organization built through a wildly successful pyramid scheme fueled by an army of highly-incentivized sales agents selling hatred, religious intolerance, and fraternity in a time and place where there was tremendous demand.
=530  \\$aAlso available in PDF from the NBER World Wide Web site (www.nber.org).
=540  \\$aBritish Library not licensed to copy$c0$5Uk
=610  20$aKu Klux Klan (1915- )$zUnited States$xInfluence$xMathematical models.
=610  20$aKu Klux Klan (1915- )$zUnited States$xMembership$xHistory.
=700  1\$aLevitt, Steven D.
=710  2\$aNational Bureau of Economic Research.
=830  \0$aWorking paper series (National Bureau of Economic Research) ;$vworking paper no. 13417.
=852  41$aBritish Library$bDSC$j6067.719500$ino. 13417
=856  41$uhttp://www.nber.org/papers/W13417
=ACF  \\$aBritish Library not licensed to copy$c0$e01-oct-2013$hC$iCFP Excluded$5Uk
=CAT  \\$a8411$b40$c20071004$lBLL01$h1211
=CAT  \\$a11250$b40$c20071008$lBLL01$h1345
=CAT  \\$aBATCH-CLA$b00$c20130527$lBLL01$h0130
=CAT  \\$aBATCH-CLA$b00$c20130630$lBLL01$h1630
=CAT  \\$aIPL-CLA$c20130701$lBLL01$h0112
=CAT  \\$aBATCH-CLA$b00$c20130702$lBLL01$h0201
=CAT  \\$aBATCH-CLA$b00$c20130929$lBLL01$h1618
=CAT  \\$aIPL-CLA$c20130930$lBLL01$h1754
=CAT  \\$aBATCH-CLA$b00$c20131202$lBLL01$h0330
=CAT  \\$aIPL-CLA$c20140101$lBLL01$h0032
=CAT  \\$aBATCH-CLA$b00$c20140327$lBLL01$h1829
=CAT  \\$aIPL-CLA$c20140331$lBLL01$h1632
=CAT  \\$aW2308-1659$c20230923$lBLL01$h1110
=CAT  \\$aBATCH-CLA$b00$c20230924$lBLL01$h0649
=CFI  0\$aBritish Library not licensed to copy$c0$e01-apr-2014$hC$iCFP Excluded$5Uk
=FIN  \\$aY$d20071008
=FMT  \\$a  BK
=LAS  \\$aBATCH-CLA$b00$c20230924$lBLL01$h0649
=SID  \\$aZ39$bOCLC
=TCO  \\$aTRS$bCCC$c008

