=LDR  03400cam a22005777a 4500
=001  014053847
=003  Uk
=005  20230924064923.0
=007  cr\mn|||||||||
=008  071003s2007\\\\maua\\\\\b\\\\000\0\eng\d
=035  \\$a(OCoLC)173644313
=040  \\$aGZM$cGZM$dUk
=100  1\$aRockoff, Hugh.
=245  10$aKeep on scrapping :$bthe salvage drives of World War II /$cHugh Rockoff.
=260  \\$aCambridge, Mass. :$bNational Bureau of Economic Research,$cc2007.
=300  \\$a59 p. :$bill. ;$c22 cm.
=336  \\$atext$2rdacontent
=337  \\$acomputer$2rdamedia
=338  \\$aonline resource$2rdacarrier
=490  1\$aNBER working paper series ;$vno. 13418
=500  \\$a"September 2007".
=504  \\$aIncludes bibliographical references (p. 57-59).
=520  \\$aDuring World War II Americans were called upon repeatedly to salvage raw materials for the war effort, often during brief, highly publicized "drives." Stories about the salvage drives are a staple in both popular and scholarly histories of the home front, and in film documentaries, because the drives appear to demonstrate the potential importance of non-economic motives such as patriotism and community spirit. Here I reexamine economic effects of five drives: aluminum, silk, cooking fat, and the two most important, iron and steel, and rubber. The drives, it turns out, had a more limited impact on the economy than might be imagined from some of the enthusiastic portrayals in the popular and historical literatures. At most, the drives increased scrap collections by relatively small margins above what would have been collected during a prosperous peacetime period. The impact of economic incentives on the supply of scrap materials, and the impact of the maneuvering of special interests for advantage, moreover, can be seen at every turn. If the drives were important it was through their impact on civilian morale.
=530  \\$aAlso available in PDF from the NBER World Wide Web site (www.nber.org).
=540  \\$aBritish Library not licensed to copy$c0$5Uk
=650  \0$aWorld War, 1939-1945$xEconomic aspects.
=710  2\$aNational Bureau of Economic Research.
=830  \0$aWorking paper series (National Bureau of Economic Research) ;$vworking paper no. 13418.
=852  41$aBritish Library$bDSC$j6067.719500$ino. 13418
=856  41$uhttp://www.nber.org/papers/W13418
=ACF  \\$aBritish Library not licensed to copy$c0$e01-oct-2013$hC$iCFP Excluded$5Uk
=CAT  \\$a8411$b40$c20071004$lBLL01$h1329
=CAT  \\$a11250$b40$c20071008$lBLL01$h1341
=CAT  \\$aBATCH-CLA$b00$c20130527$lBLL01$h0130
=CAT  \\$aBATCH-CLA$b00$c20130630$lBLL01$h1630
=CAT  \\$aIPL-CLA$c20130701$lBLL01$h0112
=CAT  \\$aBATCH-CLA$b00$c20130702$lBLL01$h0201
=CAT  \\$aBATCH-CLA$b00$c20130929$lBLL01$h1618
=CAT  \\$aIPL-CLA$c20130930$lBLL01$h1754
=CAT  \\$aBATCH-CLA$b00$c20131202$lBLL01$h0330
=CAT  \\$aIPL-CLA$c20140101$lBLL01$h0032
=CAT  \\$aBATCH-CLA$b00$c20140327$lBLL01$h1829
=CAT  \\$aIPL-CLA$c20140331$lBLL01$h1632
=CAT  \\$aW2308-1659$c20230923$lBLL01$h1110
=CAT  \\$aBATCH-CLA$b00$c20230924$lBLL01$h0649
=CFI  0\$aBritish Library not licensed to copy$c0$e01-apr-2014$hC$iCFP Excluded$5Uk
=FIN  \\$aY$d20071008
=FMT  \\$a  BK
=LAS  \\$aBATCH-CLA$b00$c20230924$lBLL01$h0649
=SID  \\$aZ39$bOCLC
=TCO  \\$aTRS$bCCC$c008

