=LDR  01817cam a22004817a 4500
=001  014056476
=003  Uk
=005  20230924064109.0
=008  071005s2007\\\\maua\\\\\b\\\\000\0\eng\d
=035  \\$a(OCoLC)173683647
=040  \\$aGZM$cGZM$dUk
=100  1\$aBhattacharya, Jay.
=245  10$aDo instrumental variables belong in propensity scores? /$cJay Bhattacharya, William B. Vogt.
=260  \\$aCambridge, Mass. :$bNational Bureau of Economic Research,$c2007.
=300  \\$a24 p. :$bill. ;$c22 cm.
=336  \\$atext$2rdacontent
=337  \\$aunmediated$2rdamedia
=338  \\$avolume$2rdacarrier
=490  1\$aNBER technical working paper series ;$vno. 343
=504  \\$aIncludes bibliographical references (p. 22-24).
=530  \\$aAlso available via the Internet.
=540  \\$aBritish Library not licensed to copy$c0$5Uk
=700  1\$aVogt, William B.
=710  2\$aNational Bureau of Economic Research.
=830  \0$aNBER technical working paper series ;$vno. 343.
=852  41$aBritish Library$bDSC$j8732.374000$iIss. 343
=856  41$uhttp://www.nber.org/papers/T0343
=CAT  \\$a8411$b40$c20071009$lBLL01$h1423
=CAT  \\$a11009$b40$c20071010$lBLL01$h1220
=CAT  \\$a11009$b40$c20071010$lBLL01$h1409
=CAT  \\$aBATCH$b00$c20091217$lBLL01$h0508
=CAT  \\$aBATCH$b00$c20100103$lBLL01$h1301
=CAT  \\$aBATCH-CLA$b00$c20210507$lBLL01$h0302
=CAT  \\$aBATCH-UPD$b00$c20210507$lBLL01$h0620
=CAT  \\$aBATCH-CLA$b00$c20210508$lBLL01$h0134
=CAT  \\$aW2308-1659$c20230923$lBLL01$h1110
=CAT  \\$aBATCH-CLA$b00$c20230924$lBLL01$h0641
=CFI  0\$aBritish Library not licensed to copy$c0$e07-sep-2011$hC$iTX$5Uk
=FIN  \\$aY$d20071010
=FMT  \\$a  BK
=LAS  \\$aBATCH-CLA$b00$c20230924$lBLL01$h0641
=SID  \\$aZ39$bOCLC
=TCO  \\$aTRS$bCCC$c008

