=LDR  03542cam a22005777a 4500
=001  014201967
=003  Uk
=005  20230924064924.0
=007  cr\mn|||||||||
=008  071017s2007\\\\maua\\\\\b\\\\000\0\eng\d
=035  \\$a(OCoLC)174592932
=040  \\$aIUL$cIUL$dGZM$dUk
=100  1\$aHall, Bronwyn H.
=245  10$aMeasuring the returns to R&D :$bthe depreciation problem /$cBronwyn H. Hall.
=260  \\$aCambridge, Mass. :$bNational Bureau of Economic Research,$cc2007.
=300  \\$a37, [16] p. :$bill. ;$c22 cm.
=336  \\$atext$2rdacontent
=337  \\$acomputer$2rdamedia
=338  \\$aonline resource$2rdacarrier
=490  1\$aNBER working paper series ;$vno. 13473
=500  \\$a"October 2007"
=504  \\$aIncludes bibliographical references (p. 29-32).
=520  \\$aMeasuring the private returns to R&D requires knowledge of its private depreciation or obsolescence rate, which is inherently variable and responds to competitive pressure. Nevertheless, most of the previous literature has used a constant depreciation rate to construct R&D capital stocks and measure the returns to R&D, a rate usually equal to 15 per cent. In this paper I review the implications of this assumption for the measurement of returns using two different methodologies: one based on the production function and another that uses firm market value to infer returns. Under the assumption that firms choose their R&D investment optimally, that is, marginal expected benefit equals marginal cost, I show that both estimates of returns can be inverted to derive an implied depreciation rate for R&D capital. I then test these ideas on a large unbalanced panel of U.S. manufacturing firms for the years 1974 to 2003. The two methods do not agree, in that the production function approach suggests depreciation rates near zero (or even appreciation) whereas the market value approach implies depreciation rates ranging from 20 to 40 per cent, depending on the period. The concluding section discusses the possible reasons for this finding.
=530  \\$aAlso available in PDF from the NBER world wide web site (www.nber.org).
=540  \\$aBritish Library not licensed to copy$c0$5Uk
=650  \0$aResearch$xEconomic aspects$xEconometric models.
=710  2\$aNational Bureau of Economic Research.
=830  \0$aWorking paper series (National Bureau of Economic Research) ;$vworking paper no. 13473.
=852  41$aBritish Library$bDSC$j6067.719500$ino. 13473
=856  41$uhttp://www.nber.org/papers/W13473
=ACF  \\$aBritish Library not licensed to copy$c0$e01-oct-2013$hC$iCFP Excluded$5Uk
=CAT  \\$a7164$b40$c20071025$lBLL01$h1316
=CAT  \\$a10775$b40$c20071026$lBLL01$h1404
=CAT  \\$aBATCH-CLA$b00$c20130527$lBLL01$h0130
=CAT  \\$aBATCH-CLA$b00$c20130630$lBLL01$h1630
=CAT  \\$aIPL-CLA$c20130701$lBLL01$h0114
=CAT  \\$aBATCH-CLA$b00$c20130702$lBLL01$h0201
=CAT  \\$aBATCH-CLA$b00$c20130929$lBLL01$h1618
=CAT  \\$aIPL-CLA$c20130930$lBLL01$h1755
=CAT  \\$aBATCH-CLA$b00$c20131202$lBLL01$h0330
=CAT  \\$aIPL-CLA$c20140101$lBLL01$h0037
=CAT  \\$aBATCH-CLA$b00$c20140327$lBLL01$h1829
=CAT  \\$aIPL-CLA$c20140331$lBLL01$h1632
=CAT  \\$aW2308-1659$c20230923$lBLL01$h1112
=CAT  \\$aBATCH-CLA$b00$c20230924$lBLL01$h0649
=CFI  0\$aBritish Library not licensed to copy$c0$e01-apr-2014$hC$iCFP Excluded$5Uk
=FIN  \\$aY$d20071026
=FMT  \\$a  BK
=LAS  \\$aBATCH-CLA$b00$c20230924$lBLL01$h0649
=SID  \\$aZ39$bOCLC
=TCO  \\$aTRS$bCCC$c008

