=LDR  03491cam a22006137a 4500
=001  014232341
=003  Uk
=005  20230924064924.0
=007  cr\mn|||||||||
=008  071017s2007\\\\mauab\\\\b\\\\000\0\eng\d
=035  \\$a(OCoLC)174592316
=040  \\$aIUL$cIUL$dGZM$dUk
=100  10$aBushnell, James B.$q(James Busby)
=245  10$aLocal solutions to global problems :$bpolicy choice and regulatory jurisdiction /$cJames Bushnell, Carla Peterman, Catherine Wolfram.
=260  \\$aCambridge, Mass. :$bNational Bureau of Economic Research,$cc2007.
=300  \\$a36 p. :$bill., map ;$c22 cm.
=336  \\$atext$2rdacontent
=337  \\$acomputer$2rdamedia
=338  \\$aonline resource$2rdacarrier
=490  1\$aNBER working paper series ;$vno. 13472
=500  \\$a"October 2007"
=504  \\$aIncludes bibliographical references (p. 31-32).
=520  \\$aThis paper considers the efficiency of various types of environmental regulations when they are applied locally to pollutants whose damages extend outside the jurisdiction of the local regulator. We draw on examples from state- and city-level efforts to address climate change by enacting policies to reduce greenhouse gases. While previous work has noted the possibility for leakage, whereby the polluting sources move outside the jurisdiction of the regulation in order to escape it, we note an additional problem when policies are targeted downstream at consumers of goods whose production creates pollution. Specifically, we show how consumer-based policies can be circumvented by a simple reshuffling of who is buying from whom. We argue that the leakage and reshuffling problems are most pronounced with more flexible or market-based regulations. We conclude that localities may have the most effect on global pollutants when they enact efficiency standards or targeted subsidies.
=530  \\$aAlso available in PDF from the NBER world wide web site (www.nber.org).
=540  \\$aBritish Library not licensed to copy$c0$5Uk
=650  \0$aPollution$xLaw and legislation$xEconometric models.
=650  \0$aEnvironmental law$xEconometric models.
=700  1\$aPeterman, Carla.
=700  1\$aWolfram, Catherine D.
=710  2\$aNational Bureau of Economic Research.
=830  \0$aWorking paper series (National Bureau of Economic Research) ;$vworking paper no. 13472.
=852  41$aBritish Library$bDSC$j6067.719500$ino. 13472
=856  41$uhttp://www.nber.org/papers/W13472
=ACF  \\$aBritish Library not licensed to copy$c0$e01-oct-2013$hC$iCFP Excluded$5Uk
=CAT  \\$a10775$b40$c20071026$lBLL01$h0830
=CAT  \\$aBATCH-CLA$b00$c20130527$lBLL01$h0130
=CAT  \\$aBATCH-CLA$b00$c20130630$lBLL01$h1630
=CAT  \\$aIPL-CLA$c20130701$lBLL01$h0114
=CAT  \\$aBATCH-CLA$b00$c20130702$lBLL01$h0201
=CAT  \\$aBATCH-CLA$b00$c20130929$lBLL01$h1618
=CAT  \\$aIPL-CLA$c20130930$lBLL01$h1755
=CAT  \\$aBATCH-CLA$b00$c20131202$lBLL01$h0330
=CAT  \\$aIPL-CLA$c20140101$lBLL01$h0038
=CAT  \\$aBATCH-CLA$b00$c20140327$lBLL01$h1829
=CAT  \\$aIPL-CLA$c20140331$lBLL01$h1632
=CAT  \\$aBATCH-UPD$b00$c20161026$lBLL01$h1903
=CAT  \\$aW2308-1659$c20230923$lBLL01$h1112
=CAT  \\$aBATCH-CLA$b00$c20230924$lBLL01$h0649
=CFI  0\$aBritish Library not licensed to copy$c0$e01-apr-2014$hC$iCFP Excluded$5Uk
=FIN  \\$aY$d20071026
=FMT  \\$a  BK
=LAS  \\$aBATCH-CLA$b00$c20230924$lBLL01$h0649
=SID  \\$aZ39$bOCLC
=TCO  \\$aTRS$bCCC$c008

