=LDR  03025cam a22005897a 4500
=001  014232348
=003  Uk
=005  20230924064924.0
=007  cr\mn|||||||||
=008  071017s2007\\\\mau\\\\\\b\\\\000\0\eng\d
=035  \\$a(OCoLC)174591881
=040  \\$aIUL$cIUL$dGZM$dUk
=043  \\$an-us---
=100  1\$aFeldstein, Martin S.
=245  10$aHousing, credit markets and the business cycle /$cMartin S. Feldstein.
=260  \\$aCambridge, Mass. :$bNational Bureau of Economic Research,$cc2007.
=300  \\$a11 p. ;$c22 cm.
=336  \\$atext$2rdacontent
=337  \\$acomputer$2rdamedia
=338  \\$aonline resource$2rdacarrier
=490  1\$aNBER working paper series ;$vno. 13471
=500  \\$a"October 2007"
=504  \\$aIncludes bibliographical references.
=520  \\$aThe housing sector is now (September 2007) at the root of three distinct but related problems: (1) a sharp decline in house prices and the related fall in home building; (2) a subprime mortgage problem that has triggered a substantial widening of all credit spreads and the freezing of much of the credit markets; and (3) a decline in home equity loans and mortgage refinancing that could cause greater declines in consumer spending. Each of these could by itself be powerful enough to cause an economic downturn. The combination could cause a very serious recession unless there are other offsetting forces. In this paper, I discuss each of these and then comment on the implications for monetary policy.
=530  \\$aAlso available in PDF from the NBER world wide web site (www.nber.org).
=540  \\$aBritish Library not licensed to copy$c0$5Uk
=650  \0$aHousing$zUnited States$xFinance$xHistory$y21st century.
=651  \0$aUnited States$xEconomic conditions$y21st century.
=710  2\$aNational Bureau of Economic Research.
=830  \0$aWorking paper series (National Bureau of Economic Research) ;$vworking paper no. 13471.
=852  41$aBritish Library$bDSC$j6067.719500$ino. 13471
=856  41$uhttp://www.nber.org/papers/W13471
=ACF  \\$aBritish Library not licensed to copy$c0$e01-oct-2013$hC$iCFP Excluded$5Uk
=CAT  \\$a10775$b40$c20071026$lBLL01$h0838
=CAT  \\$aBATCH-CLA$b00$c20130527$lBLL01$h0130
=CAT  \\$aBATCH-CLA$b00$c20130630$lBLL01$h1630
=CAT  \\$aIPL-CLA$c20130701$lBLL01$h0114
=CAT  \\$aBATCH-CLA$b00$c20130702$lBLL01$h0201
=CAT  \\$aBATCH-CLA$b00$c20130929$lBLL01$h1618
=CAT  \\$aIPL-CLA$c20130930$lBLL01$h1755
=CAT  \\$aBATCH-CLA$b00$c20131202$lBLL01$h0330
=CAT  \\$aIPL-CLA$c20140101$lBLL01$h0038
=CAT  \\$aBATCH-CLA$b00$c20140327$lBLL01$h1829
=CAT  \\$aIPL-CLA$c20140331$lBLL01$h1632
=CAT  \\$aW2308-1659$c20230923$lBLL01$h1112
=CAT  \\$aBATCH-CLA$b00$c20230924$lBLL01$h0649
=CFI  0\$aBritish Library not licensed to copy$c0$e01-apr-2014$hC$iCFP Excluded$5Uk
=FIN  \\$aY$d20071026
=FMT  \\$a  BK
=LAS  \\$aBATCH-CLA$b00$c20230924$lBLL01$h0649
=SID  \\$aZ39$bOCLC
=TCO  \\$aTRS$bCCC$c008

