=LDR  02887cam a22005777a 4500
=001  014232351
=003  Uk
=005  20230924064924.0
=007  cr\mn|||||||||
=008  071017s2007\\\\mau\\\\\\b\\\\000\0\eng\d
=035  \\$a(OCoLC)174593419
=040  \\$aIUL$cIUL$dGZM$dUk
=100  1\$aFletcher, Jason.
=245  10$aChild mental health and human capital accumulation :$bthe case of ADHD revisited /$cJason Fletcher, Barbara L. Wolfe.
=260  \\$aCambridge, Mass. :$bNational Bureau of Economic Research,$cc2007.
=300  \\$a29 p. ;$c22 cm.
=336  \\$atext$2rdacontent
=337  \\$acomputer$2rdamedia
=338  \\$aonline resource$2rdacarrier
=490  1\$aNBER working paper series ;$vno. 13474
=500  \\$a"October 2007"
=504  \\$aIncludes bibliographical references (p. 11).
=520  \\$aRecently, Currie and Stabile (2006) made a significant contribution to our understanding of the influence of ADHD symptoms on a variety of school outcomes including participation in special education, grade repetition and test scores. Their contributions include using a broad sample of children and estimating sibling fixed effects models to control for unobserved family effects. In this paper we look at a sample of older children and confirm and extend many of the JCMS findings in terms of a broader set of measures of human capital and additional specifications.
=530  \\$aAlso available in PDF from the NBER world wide web site (www.nber.org).
=540  \\$aBritish Library not licensed to copy$c0$5Uk
=650  \0$aAttention-deficit hyperactivity disorder$xEconomic aspects.
=700  1\$aWolfe, Barbara L.
=710  2\$aNational Bureau of Economic Research.
=830  \0$aWorking paper series (National Bureau of Economic Research) ;$vworking paper no. 13474.
=852  41$aBritish Library$bDSC$j6067.719500$ino. 13474
=856  41$uhttp://www.nber.org/papers/W13474
=ACF  \\$aBritish Library not licensed to copy$c0$e01-oct-2013$hC$iCFP Excluded$5Uk
=CAT  \\$a10775$b40$c20071026$lBLL01$h0841
=CAT  \\$aBATCH-CLA$b00$c20130527$lBLL01$h0130
=CAT  \\$aBATCH-CLA$b00$c20130630$lBLL01$h1630
=CAT  \\$aIPL-CLA$c20130701$lBLL01$h0114
=CAT  \\$aBATCH-CLA$b00$c20130702$lBLL01$h0201
=CAT  \\$aBATCH-CLA$b00$c20130929$lBLL01$h1618
=CAT  \\$aIPL-CLA$c20130930$lBLL01$h1755
=CAT  \\$aBATCH-CLA$b00$c20131202$lBLL01$h0330
=CAT  \\$aIPL-CLA$c20140101$lBLL01$h0038
=CAT  \\$aBATCH-CLA$b00$c20140327$lBLL01$h1829
=CAT  \\$aIPL-CLA$c20140331$lBLL01$h1632
=CAT  \\$aW2308-1659$c20230923$lBLL01$h1112
=CAT  \\$aBATCH-CLA$b00$c20230924$lBLL01$h0649
=CFI  0\$aBritish Library not licensed to copy$c0$e01-apr-2014$hC$iCFP Excluded$5Uk
=FIN  \\$aY$d20071026
=FMT  \\$a  BK
=LAS  \\$aBATCH-CLA$b00$c20230924$lBLL01$h0649
=SID  \\$aZ39$bOCLC
=TCO  \\$aTRS$bCCC$c008

