=LDR  04620cam a22006257a 4500
=001  014232385
=003  Uk
=005  20230924064924.0
=007  cr\mn|||||||||
=008  071017s2007\\\\maua\\\\\b\\\\000\0\eng\d
=035  \\$a(OCoLC)174590967
=040  \\$aIUL$cIUL$dGZM$dUk
=043  \\$an-us---
=100  1\$aChen, Alex Y.
=245  10$aFamily structure and the treatment of childhood asthma /$cAlex Y. Chen, José Escarce.
=260  \\$aCambridge, Mass. :$bNational Bureau of Economic Research,$cc2007.
=300  \\$a43 p. :$bill. ;$c22 cm.
=336  \\$atext$2rdacontent
=337  \\$acomputer$2rdamedia
=338  \\$aonline resource$2rdacarrier
=490  1\$aNBER working paper series ;$vno. 13461
=500  \\$a"October 2007"
=504  \\$aIncludes bibliographical references (p. 22-26).
=520  \\$aBackground: Family structure is known to influence children's behavioral, educational, and cognitive outcomes, and recent studies suggest that family structure affects children's access to health care as well. However, no study has addressed whether family structure is associated with the care children receive for particular conditions or with their physical health outcomes. Objective: To assess the effects of family structure on the treatment and outcomes of children with asthma. Methods: Our data sources were the 1996-2003 Medical Expenditure Panel Survey (MEPS) and the 2003 National Survey of Children's Health (NSCH). The study samples consisted of children 2-17 years of age with asthma who lived in single-mother or two-parent families. We assessed the effect of number of parents and number of other children in the household on office visits for asthma and use of asthma medications using negative binomial regression, and we assessed the effect of family structure on the severity of asthma symptoms using binary and ordinal logistic regression. Our regression models adjusted for sociodemographic characteristics, parental experience in child-rearing and in caring for an asthmatic child and, when appropriate, measures of children's health status. Results: Asthmatic children in single-mother families had fewer office visits for asthma and filled fewer prescriptions for controller medications than children with two parents. In addition, children living in families with three or more other children had fewer office visits and filled fewer prescriptions for reliever and controller medications than children living with no other children. Children from single-mother families had more health difficulties from asthma than children with two parents, and children living with two or more other children were more likely to have an asthma attack in the past 12 months than children living with no other children. Conclusions: For children with asthma, living with a single mother and the presence of additional children in the household are associated with less treatment for asthma and worse asthma outcomes.
=530  \\$aAlso available in PDF from the NBER world wide web site (www.nber.org).
=540  \\$aBritish Library not licensed to copy$c0$5Uk
=650  \0$aAsthma in children$xSocial aspects$zUnited States.
=650  \0$aSingle-parent families$xHealth aspects$zUnited States.
=650  \0$aFamily size$xHealth aspects$zUnited States.
=700  1\$aEscarce, José J.
=710  2\$aNational Bureau of Economic Research.
=830  \0$aWorking paper series (National Bureau of Economic Research) ;$vworking paper no. 13461.
=852  41$aBritish Library$bDSC$j6067.719500$ino. 13461
=856  41$uhttp://www.nber.org/papers/W13461
=ACF  \\$aBritish Library not licensed to copy$c0$e01-oct-2013$hC$iCFP Excluded$5Uk
=CAT  \\$a10775$b40$c20071026$lBLL01$h0908
=CAT  \\$a10775$b40$c20071026$lBLL01$h0913
=CAT  \\$aBATCH-CLA$b00$c20130527$lBLL01$h0130
=CAT  \\$aBATCH-CLA$b00$c20130630$lBLL01$h1630
=CAT  \\$aIPL-CLA$c20130701$lBLL01$h0114
=CAT  \\$aBATCH-CLA$b00$c20130702$lBLL01$h0201
=CAT  \\$aBATCH-CLA$b00$c20130929$lBLL01$h1618
=CAT  \\$aIPL-CLA$c20130930$lBLL01$h1755
=CAT  \\$aBATCH-CLA$b00$c20131202$lBLL01$h0330
=CAT  \\$aIPL-CLA$c20140101$lBLL01$h0038
=CAT  \\$aBATCH-CLA$b00$c20140327$lBLL01$h1829
=CAT  \\$aIPL-CLA$c20140331$lBLL01$h1632
=CAT  \\$aW2308-1659$c20230923$lBLL01$h1112
=CAT  \\$aBATCH-CLA$b00$c20230924$lBLL01$h0649
=CFI  0\$aBritish Library not licensed to copy$c0$e01-apr-2014$hC$iCFP Excluded$5Uk
=FIN  \\$aY$d20071026
=FMT  \\$a  BK
=LAS  \\$aBATCH-CLA$b00$c20230924$lBLL01$h0649
=SID  \\$aZ39$bOCLC
=TCO  \\$aTRS$bCCC$c008

