=LDR  04279 am a22006497a 4500
=001  014274117
=003  Uk
=005  20200511010610.0
=008  071105s2007\\\\maua\\\\\b\\\\000\0\eng\d
=035  \\$a(OCoLC)180705154
=040  \\$aUk$beng$cUk
=043  \\$an-us---
=100  1\$aShoven, John B.
=245  10$aNew age thinking :$balternative ways of measuring age, their relationship to labor force participation, government policies and GDP /$cJohn B. Shoven.
=260  \\$aCambridge, Mass. :$bNational Bureau of Economic Research,$c2007.
=300  \\$a19 p. :$bill. ;$c22 cm.
=336  \\$atext$2rdacontent
=337  \\$aunmediated$2rdamedia
=338  \\$avolume$2rdacarrier
=490  1\$aNBER working paper series ;$vno. 13476
=500  \\$a"October 2007".
=504  \\$aIncludes bibliographical references (p. 19).
=520  \\$aThe current practice of measuring age as years-since-birth, both in common practice and in the law, rather than alternative measures reflecting a person's stage in the lifecycle distorts important behavior such as retirement, saving, and the discussion of dependency ratios. Two alternative measures of age are explored: mortality risk and remaining life expectancy. With these alternative measures, the huge wave of elderly forecast for the first half of this century doesn't look like a huge wave at all. By conventional 65+ standards, the fraction of the population that is elderly will grow by about 66 percent. However, the fraction of the population that is above a mortality rate that corresponds to 65+ today will grow by only 20 percent. Needless to say, the aging of the society is a lot less dramatic with the alternative mortality-based age measures. In a separate application of age measurement, I examine the consequences of stabilizing labor force participation by age with alternative age definitions. If labor force participation were to remain as it is today with respect to remaining life expectancy (i.e. if the length of retirement stayed where it is today) rather than labor force participation remaining fixed by conventionally-defined age, then there would be 9.6 percent more total labor supply by 2050 in the U.S. This additional labor supply could help finance entitlement programs amongst other things. GDP would be between seven and ten percent higher by 2050 if retirement lengths stabilize. Several policies are examined that would encourage longer work careers.
=530  \\$aAlso available in PDF from the NBER World Wide Web site (www.nber.org).
=540  \\$aBritish Library not licensed to copy$c0$5Uk
=650  \0$aAge distribution (Demography)$xMeasurement.
=650  \0$aAge distribution (Demography)$xEconomic aspects$zUnited States.
=650  \0$aLife expectancy$xEconomic aspects$zUnited States.
=650  \0$aOlder people$xEmployment.
=710  2\$aNational Bureau of Economic Research.
=830  \0$aWorking paper series (National Bureau of Economic Research) ;$vworking paper no. 13476.
=852  41$aBritish Library$bDSC$j6067.719500$ino. 13476
=856  41$uhttp://www.nber.org/papers/W13476
=ACF  \\$aBritish Library not licensed to copy$c0$e01-oct-2013$hC$iCFP Excluded$5Uk
=CAT  \\$a7164$b40$c20071105$lBLL01$h0748
=CAT  \\$a11250$b40$c20071108$lBLL01$h0833
=CAT  \\$a6537$b40$c20091106$lBLL01$h0936
=CAT  \\$aBATCH-CLA$b00$c20130527$lBLL01$h0130
=CAT  \\$aBATCH-CLA$b00$c20130630$lBLL01$h1630
=CAT  \\$aIPL-CLA$c20130701$lBLL01$h0115
=CAT  \\$aBATCH-CLA$b00$c20130702$lBLL01$h0201
=CAT  \\$aBATCH-CLA$b00$c20130929$lBLL01$h1618
=CAT  \\$aIPL-CLA$c20130930$lBLL01$h1756
=CAT  \\$aBATCH-CLA$b00$c20131202$lBLL01$h0331
=CAT  \\$aIPL-CLA$c20140101$lBLL01$h0039
=CAT  \\$aBATCH-CLA$b00$c20140327$lBLL01$h1829
=CAT  \\$aIPL-CLA$c20140331$lBLL01$h1633
=CAT  \\$aBATCH-UPD$b00$c20181205$lBLL01$h1631
=CAT  \\$aBATCH-CLA$b00$c20181206$lBLL01$h0108
=CAT  \\$aBATCH-UPD$b00$c20200510$lBLL01$h2108
=CAT  \\$aBATCH-CLA$b00$c20200511$lBLL01$h0106
=CFI  0\$aBritish Library not licensed to copy$c0$e01-apr-2014$hC$iCFP Excluded$5Uk
=FIN  \\$aY$d20071108
=FMT  \\$a  BK
=LAS  \\$aBATCH-CLA$b00$c20200511$lBLL01$h0106
=SID  \\$aZ39$bOCLC
=TCO  \\$aTRS$bCCC$c008

