=LDR  03454 am a22005897a 4500
=001  014274119
=003  Uk
=005  20071108084220.0
=008  071105s2007\\\\maua\\\\\b\\\\000\0\eng\d
=035  \\$a(OCoLC)180705643
=040  \\$aUk$beng$cUk
=100  1\$aHeathcote, Jonathan.
=245  14$aThe international diversification puzzle is not as bad as you think /$cJonathan Heathcote, Fabrizio Perri.
=260  \\$aCambridge, Mass. :$bNational Bureau of Economic Research,$c2007.
=300  \\$a43 p. :$bill. ;$c22 cm.
=336  \\$atext$2rdacontent
=337  \\$aunmediated$2rdamedia
=338  \\$avolume$2rdacarrier
=490  1\$aNBER working paper series ;$vno. 13483
=500  \\$a"October 2007".
=504  \\$aIncludes bibliographical references (p. 35-38).
=520  \\$aIn simple one-good international macro models, the presence of non-diversifiable labor income risk means that country portfoliosshould be heavily biased toward foreign assets. The fact that theopposite pattern of diversification is observed empirically constitutes the international diversification puzzle. We embed aportfolio choice decision in a frictionless two-country, two-good version of the stochastic growth model. In this environment, which is a workhorse for international business cycle research, we derive a closed-form expression for equilibrium country portfolios. These are biased towards domestic assets, as in the data. Home bias arises because endogenous international relative price fluctuations make domestic stocks a good hedge against non-diversifiable labor income risk. We then use our our theory to link openness to trade to the level of diversification, and find that it offers a quantitatively compelling account for the patterns of international diversification observed across developed economies in recent years.
=530  \\$aAlso available in PDF from the NBER world wide web site (www.nber.org).
=540  \\$aBritish Library not licensed to copy$c0$5Uk
=650  \0$aInvestments, Foreign$xEconometric models.
=650  \0$aInternational trade$xEconometric models.
=700  1\$aPerri, Fabrizio$c(Monetary advisor)
=710  2\$aNational Bureau of Economic Research.
=830  \0$aWorking paper series (National Bureau of Economic Research) ;$vworking paper no. 13483.
=852  41$aBritish Library$bDSC$j6067.719500$ino. 13483
=856  41$uhttp://www.nber.org/papers/W13483
=ACF  \\$aBritish Library not licensed to copy$c0$e01-oct-2013$hC$iCFP Excluded$5Uk
=CAT  \\$a7164$b40$c20071105$lBLL01$h0756
=CAT  \\$a11250$b40$c20071108$lBLL01$h0842
=CAT  \\$aBATCH-CLA$b00$c20130527$lBLL01$h0130
=CAT  \\$aBATCH-CLA$b00$c20130630$lBLL01$h1630
=CAT  \\$aIPL-CLA$c20130701$lBLL01$h0115
=CAT  \\$aBATCH-CLA$b00$c20130702$lBLL01$h0201
=CAT  \\$aBATCH-CLA$b00$c20130929$lBLL01$h1618
=CAT  \\$aIPL-CLA$c20130930$lBLL01$h1756
=CAT  \\$aBATCH-CLA$b00$c20131202$lBLL01$h0331
=CAT  \\$aIPL-CLA$c20140101$lBLL01$h0039
=CAT  \\$aBATCH-CLA$b00$c20140327$lBLL01$h1829
=CAT  \\$aIPL-CLA$c20140331$lBLL01$h1633
=CAT  \\$a9668$b40$c20141002$lBLL01$h1520
=CFI  0\$aBritish Library not licensed to copy$c0$e01-apr-2014$hC$iCFP Excluded$5Uk
=CFI  2\$aBritish Library not licensed to copy$c0$e01-jan-2014$hC$iCFP Excluded$5Uk
=FIN  \\$aY$d20
=FMT  \\$a  BK
=LAS  \\$a9668$b40$c20141002$lBLL01$h1520
=SID  \\$aZ39$bOCLC
=TCO  \\$aTRS$bCCC$c008

