=LDR  04164cam a22006017a 4500
=001  014274120
=003  Uk
=005  20211218013858.0
=008  071105s2007\\\\maua\\\\\b\\\\000\0\eng\d
=035  \\$a(OCoLC)180705427
=040  \\$aUk$beng$cUk
=100  10$aAnderson, Patricia M.,$d1963-
=245  10$aChildhood disadvantage and obesity :$bis nurture trumping nature? /$cPatricia M. Anderson, Kristin F. Butcher, Diane Whitmore Schanzenbach.
=260  \\$aCambridge, Mass. :$bNational Bureau of Economic Research,$c2007.
=300  \\$a50 p. :$bill. ;$c22 cm.
=336  \\$atext$2rdacontent
=337  \\$aunmediated$2rdamedia
=338  \\$avolume$2rdacarrier
=490  1\$aNBER working paper series ;$vno. 13479
=500  \\$a"October 2007".
=504  \\$aIncludes bibliographical references (p. 29-30).
=520  \\$aObesity has been one of the fastest growing health concerns among children, particularly among disadvantaged children. For children overall, obesity rates have tripled from 5% in the early 1970s to about 15% by the early 2000s. For disadvantaged children, obesity rates are closer to 20%. In this paper, we first examine the impact of various measures of disadvantage on children's weight outcomes over the past 30 years, finding that the disadvantaged have gained weight faster. Over the same period, adult obesity rates have grown, and we expect parental obesity to be closely tied to children's obesity, for reasons of both nature and nurture. Thus, examining changes in the parent-child correlation in BMI should give us some insight into the ways in which the environment that parents and children share has affected children's body mass, or into how the interaction of genes and environment has changed. We find that the elasticity between mothers' and children's BMI has increased since the 1970s, suggesting that shared genetic-environmental factors have become more important in determining obesity. Despite the faster weight gain for the disadvantaged, there appears to be no clear difference for by disadvantaged group in either the parent-child elasticity or in identifiable environmental factors. On average, the increases in parents' BMI between the early 1970s and the early 2000s can explain about 37 percent of the increase in children's BMI. Although common environmental/genetic factors play a larger role now than in earlier time periods, child specific environments such as schools and day care play a potentially important role in determining children's health status.
=530  \\$aAlso available in PDF from the NBER World Wide Web site (www.nber.org).
=540  \\$aBritish Library not licensed to copy$c0$5Uk
=650  \0$aObesity in children$xEconomic aspects.
=650  \0$aObesity in children$xSocial aspects.
=700  1\$aButcher, Kristin F.$q(Kristin Frances).
=700  1\$aSchanzenbach, Diane,$d1972-
=710  2\$aNational Bureau of Economic Research.
=830  \0$aWorking paper series (National Bureau of Economic Research) ;$vworking paper no. 13479.
=852  41$aBritish Library$bDSC$j6067.719500$ino. 13479
=856  41$uhttp://www.nber.org/papers/W13479
=ACF  \\$aBritish Library not licensed to copy$c0$e01-oct-2013$hC$iCFP Excluded$5Uk
=CAT  \\$a7164$b40$c20071105$lBLL01$h0759
=CAT  \\$a11250$b40$c20071108$lBLL01$h0839
=CAT  \\$aBATCH-CLA$b00$c20130527$lBLL01$h0130
=CAT  \\$aBATCH-CLA$b00$c20130630$lBLL01$h1630
=CAT  \\$aIPL-CLA$c20130701$lBLL01$h0115
=CAT  \\$aBATCH-CLA$b00$c20130702$lBLL01$h0201
=CAT  \\$aBATCH-CLA$b00$c20130929$lBLL01$h1618
=CAT  \\$aIPL-CLA$c20130930$lBLL01$h1756
=CAT  \\$aBATCH-CLA$b00$c20131202$lBLL01$h0331
=CAT  \\$aIPL-CLA$c20140101$lBLL01$h0039
=CAT  \\$aBATCH-CLA$b00$c20140327$lBLL01$h1829
=CAT  \\$aIPL-CLA$c20140331$lBLL01$h1633
=CAT  \\$aBATCH-UPD$b00$c20211217$lBLL01$h2058
=CAT  \\$aBATCH-CLA$b00$c20211218$lBLL01$h0138
=CFI  0\$aBritish Library not licensed to copy$c0$e01-apr-2014$hC$iCFP Excluded$5Uk
=FIN  \\$aY$d20071108
=FMT  \\$a  BK
=LAS  \\$aBATCH-CLA$b00$c20211218$lBLL01$h0138
=SID  \\$aZ39$bOCLC
=TCO  \\$aTRS$bCCC$c008

