=LDR  02699 am a22005897a 4500
=001  014274121
=003  Uk
=005  20210301010428.0
=008  071105s2007\\\\mau\\\\\\b\\\\000\0\eng\d
=035  \\$a(OCoLC)180705660
=040  \\$aUk$beng$cUk
=100  1\$aAgarwal, Sumit,$d1970-
=245  10$aOptimal mortgage refinancing :$ba closed form solution /$cSumit Agarwal, John C. Driscoll, David Laibson.
=260  \\$aCambridge, Mass. :$bNational Bureau of Economic Research,$c2007.
=300  \\$a41 p. ;$c22 cm.
=336  \\$atext$2rdacontent
=337  \\$aunmediated$2rdamedia
=338  \\$avolume$2rdacarrier
=490  1\$aNBER working paper series ;$vno. 13487
=500  \\$a"October 2007".
=504  \\$aIncludes bibliographical references (p. 31-34).
=520  \\$aWe derive the first closed-form optimal mortgage refinancing rule. The expression is derived by using the Lambert-W function to solve a tractable class of mortgage refinancing problems. We calibrate our solution and show that our quantitative results closely match those reported by researchers who use numerical methods.
=530  \\$aAlso available in PDF from the NBER world wide web site (www.nber.org).
=540  \\$aBritish Library not licensed to copy$c0$5Uk
=650  \0$aMortgage loans$xRefinancing$xEconometric models.
=700  1\$aDriscoll, John C.$q(John Christopher),$d1969-
=700  1\$aLaibson, David I.
=710  2\$aNational Bureau of Economic Research.
=830  \0$aWorking paper series (National Bureau of Economic Research) ;$vworking paper no. 13487.
=852  41$aBritish Library$bDSC$j6067.719500$ino. 13487
=856  41$uhttp://www.nber.org/papers/W13487
=ACF  \\$aBritish Library not licensed to copy$c0$e01-oct-2013$hC$iCFP Excluded$5Uk
=CAT  \\$a7164$b40$c20071105$lBLL01$h0802
=CAT  \\$a11250$b40$c20071108$lBLL01$h0840
=CAT  \\$aBATCH-CLA$b00$c20130527$lBLL01$h0130
=CAT  \\$aBATCH-CLA$b00$c20130630$lBLL01$h1630
=CAT  \\$aIPL-CLA$c20130701$lBLL01$h0115
=CAT  \\$aBATCH-CLA$b00$c20130702$lBLL01$h0201
=CAT  \\$aBATCH-CLA$b00$c20130929$lBLL01$h1618
=CAT  \\$aIPL-CLA$c20130930$lBLL01$h1756
=CAT  \\$aBATCH-CLA$b00$c20131202$lBLL01$h0331
=CAT  \\$aIPL-CLA$c20140101$lBLL01$h0039
=CAT  \\$aBATCH-CLA$b00$c20140327$lBLL01$h1829
=CAT  \\$aIPL-CLA$c20140331$lBLL01$h1633
=CAT  \\$aBATCH-UPD$b00$c20210228$lBLL01$h2041
=CAT  \\$aBATCH-CLA$b00$c20210301$lBLL01$h0104
=CFI  0\$aBritish Library not licensed to copy$c0$e01-apr-2014$hC$iCFP Excluded$5Uk
=FIN  \\$aY$d20071108
=FMT  \\$a  BK
=LAS  \\$aBATCH-CLA$b00$c20210301$lBLL01$h0104
=SID  \\$aZ39$bOCLC
=TCO  \\$aTRS$bCCC$c008

