=LDR  03294 am a22005897a 4500
=001  014274127
=003  Uk
=005  20071108083513.0
=008  071105s2007\\\\maua\\\\\b\\\\000\0\eng\d
=035  \\$a(OCoLC)180705490
=040  \\$aUk$beng$cUk
=100  1\$aAizer, Anna.
=245  10$aLove, hate and murder :$bcommitment devices in violent relationships /$cAnna Aizer, Pedro Dal Bó.
=260  \\$aCambridge, Mass. :$bNational Bureau of Economic Research,$c2007.
=300  \\$a38, [8] p. :$bill. ;$c22 cm.
=336  \\$atext$2rdacontent
=337  \\$aunmediated$2rdamedia
=338  \\$avolume$2rdacarrier
=490  1\$aNBER working paper series ;$vno. 13492
=500  \\$a"October 2007".
=504  \\$aIncludes bibliographical references (p. 34-38).
=520  \\$aMany violent relationships are characterized by a high degree of cyclicality: women who are the victims of domestic violence often leave and return multiple times. To explain this we develop a model of time inconsistent preferences in the context of domestic violence. This time inconsistency generates a demand for commitment. We present supporting evidence that women in violent relationships display time inconsistent preferences by examining their demand for commitment devices. We find that "no-drop" policies -- which compel the prosecutor to continue with prosecution even if the victim expresses a desire to drop the charges -- result in an increase in reporting. No-drop policies also result in a decrease in the number of men murdered by intimates suggesting that some women in violent relationships move away from an extreme type of commitment device when a less costly one is offered.
=530  \\$aAlso available in PDF from the NBER world wide web site (www.nber.org).
=540  \\$aBritish Library not licensed to copy$c0$5Uk
=650  \0$aFamily violence$xEconometric models.
=650  \0$aFamily violence$xLaw and legislation.
=700  1\$aDal Bó, Pedro,$d1971-
=710  2\$aNational Bureau of Economic Research.
=830  \0$aWorking paper series (National Bureau of Economic Research) ;$vworking paper no. 13492.
=852  41$aBritish Library$bDSC$j6067.719500$ino. 13492
=856  41$uhttp://www.nber.org/papers/W13492
=ACF  \\$aBritish Library not licensed to copy$c0$e01-oct-2013$hC$iCFP Excluded$5Uk
=CAT  \\$a7164$b40$c20071105$lBLL01$h0820
=CAT  \\$a11250$b40$c20071108$lBLL01$h0835
=CAT  \\$aBATCH-CLA$b00$c20130527$lBLL01$h0130
=CAT  \\$aBATCH-CLA$b00$c20130630$lBLL01$h1630
=CAT  \\$aIPL-CLA$c20130701$lBLL01$h0115
=CAT  \\$aBATCH-CLA$b00$c20130702$lBLL01$h0201
=CAT  \\$aBATCH-CLA$b00$c20130929$lBLL01$h1618
=CAT  \\$aIPL-CLA$c20130930$lBLL01$h1756
=CAT  \\$aBATCH-CLA$b00$c20131202$lBLL01$h0331
=CAT  \\$aIPL-CLA$c20140101$lBLL01$h0039
=CAT  \\$aBATCH-CLA$b00$c20140327$lBLL01$h1829
=CAT  \\$aIPL-CLA$c20140331$lBLL01$h1633
=CAT  \\$aBATCH-UPD$b00$c20140915$lBLL01$h2122
=CFI  0\$aBritish Library not licensed to copy$c0$e01-apr-2014$hC$iCFP Excluded$5Uk
=CFI  2\$aBritish Library not licensed to copy$c0$e01-jan-2014$hC$iCFP Excluded$5Uk
=FIN  \\$aY$d20071108
=FMT  \\$a  BK
=LAS  \\$aBATCH-UPD$b00$c20140915$lBLL01$h2122
=SID  \\$aZ39$bOCLC
=TCO  \\$aTRS$bCCC$c008

