=LDR  03729 am a22005777a 4500
=001  014274132
=003  Uk
=005  20071108134831.0
=008  071105s2007\\\\maua\\\\\b\\\\000\0\eng\d
=035  \\$a(OCoLC)180705829
=040  \\$aGZM$cGZM$dUk
=043  \\$as-bl---
=100  1\$aNeto, Áureo Nilo de Paula,$d1975-
=245  14$aThe informal sector /$cÁureo de Paula, José A. Scheinkman.
=260  \\$aCambridge, Mass. :$bNational Bureau of Economic Research,$cc2007.
=300  \\$a37, [15] p. :$bill. ;$c22 cm.
=336  \\$atext$2rdacontent
=337  \\$aunmediated$2rdamedia
=338  \\$avolume$2rdacarrier
=490  1\$aNBER working paper series ;$vno. 13486
=500  \\$a"October 2007."
=504  \\$aIncludes bibliographical references (p. 36-37).
=520  \\$aThis paper investigates the determinants of informal economic activity. We present two equilibrium models of informality and test their implications using a survey of 48,000+ small firms in Brazil. We define informality as tax avoidance; firms in the informal sector avoid tax payments but suffer other limitations. In the first model there is a single industry and informal firms face a higher cost of capital and a limitation on size. As a result informal firms are smaller and have a lower capital labor ratio. When education is an imperfect proxy for ability, we show that the interaction of the manager's education and formality has a positive correlation with firm size. These implications are supported by our empirical analysis. The second model highlights the role of value added taxes in transmitting informality. It predicts that the informality of a firm is correlated to the informality of firms from which it buys or sells. The model implies that higher tolerance for informal firms in one production stage increases tax avoidance in downstream and upstream sectors. Empirical analysis shows that, in fact, various measures of formality of suppliers and purchasers (and its enforcement) are correlated with the formality of a firm. Even more interestingly, when we look at sectors where Brazilian firms are not subject to the credit system of value added tax, this chain effect vanishes.
=530  \\$aAlso available in PDF from the NBER World Wide Web site (www.nber.org).
=540  \\$aBritish Library not licensed to copy$c0$5Uk
=650  \0$aInformal sector (Economics)$zBrazil$xEconometric models.
=700  1\$aScheinkman, José Alexandre.
=710  2\$aNational Bureau of Economic Research.
=830  \0$aWorking paper series (National Bureau of Economic Research) ;$vworking paper no. 13486.
=852  41$aBritish Library$bDSC$j6067.719500$ino. 13486
=856  41$uhttp://www.nber.org/papers/W13486
=ACF  \\$aBritish Library not licensed to copy$c0$e01-oct-2013$hC$iCFP Excluded$5Uk
=CAT  \\$a7164$b40$c20071105$lBLL01$h0829
=CAT  \\$a11317$b40$c20071108$lBLL01$h1348
=CAT  \\$aBATCH-CLA$b00$c20130527$lBLL01$h0130
=CAT  \\$aBATCH-CLA$b00$c20130630$lBLL01$h1630
=CAT  \\$aIPL-CLA$c20130701$lBLL01$h0115
=CAT  \\$aBATCH-CLA$b00$c20130702$lBLL01$h0201
=CAT  \\$aBATCH-CLA$b00$c20130929$lBLL01$h1618
=CAT  \\$aIPL-CLA$c20130930$lBLL01$h1756
=CAT  \\$aBATCH-CLA$b00$c20131202$lBLL01$h0331
=CAT  \\$aIPL-CLA$c20140101$lBLL01$h0039
=CAT  \\$aBATCH-CLA$b00$c20140327$lBLL01$h1829
=CAT  \\$aIPL-CLA$c20140331$lBLL01$h1633
=CFI  0\$aBritish Library not licensed to copy$c0$e01-apr-2014$hC$iCFP Excluded$5Uk
=CFI  2\$aBritish Library not licensed to copy$c0$e01-jan-2014$hC$iCFP Excluded$5Uk
=FIN  \\$aY$d20071108
=FMT  \\$a  BK
=LAS  \\$aIPL-CLA$b00$c20140331$lBLL01$h1633
=SID  \\$aZ39$bOCLC
=TCO  \\$aTRS$bCCC$c008

