=LDR  03803 am a22006017a 4500
=001  014274164
=003  Uk
=005  20071108085436.0
=007  cr\mn|||||||||
=008  071105s2007\\\\maua\\\\\b\\\\000\0\eng\d
=035  \\$a(OCoLC)180705472
=040  \\$aIUL$cIUL$dGZM$dUk
=043  \\$an-us---
=245  00$aMigration creation, diversion, and retention :$bNew Deal grants and migration: 1935-1940 /$cTodd Sorensen ... [et al.].
=260  \\$aCambridge, Mass. :$bNational Bureau of Economic Research,$cc2007.
=300  \\$a58 p. :$bill. ;$c22 cm.
=336  \\$atext$2rdacontent
=337  \\$acomputer$2rdamedia
=338  \\$aonline resource$2rdacarrier
=490  1\$aNBER working paper series ;$vno. 13491
=500  \\$a"October 2007."
=504  \\$aIncludes bibliographical references (p. 40-43).
=520  \\$aDuring the 1930s the federal government embarked upon an ambitious series of grant programs designed to counteract the Great Depression. The amounts distributed varied widely across the country and potentially contributed to population shifts. We estimate an aggregate discrete choice model, in which household heads choose among 466 economic subregions. The structural model allows us to decompose the effects of program spending on migration into three categories: the effect of spending on keeping households in their origin (retention), the effect of pulling non-migrants out of their origin (creation), and the effect of causing migrants to substitute away from an alternative destination (diversion). An additional dollar of public works and relief spending increased net migration into an area primarily by retaining the existing population and creating new migration into the county. Only a small share of the increase in net migration rate was caused by diversion of people who had already chosen to migrate. AAA spending contributed to net out migration, primarily by creating new out migrants and repelling potential in migrants. A counterfactual analysis suggests that the uneven distribution of New Deal spending explains about twelve percent of the internal migration flows in the United States between 1935 and 1940.
=530  \\$aAlso available in PDF from the NBER world wide web site (www.nber.org).
=540  \\$aBritish Library not licensed to copy$c0$5Uk
=650  \0$aMigration, Internal$xEconomic aspects$zUnited States$y20th century.
=650  \0$aMigration, Internal$zUnited States$xEconometric models.
=650  \0$aNew Deal, 1933-1939.
=700  1\$aSorensen, Todd.
=710  2\$aNational Bureau of Economic Research.
=830  \0$aWorking paper series (National Bureau of Economic Research) ;$vworking paper no. 13491.
=852  41$aBritish Library$bDSC$j6067.719500$ino. 13491
=856  41$uhttp://www.nber.org/papers/W13491
=ACF  \\$aBritish Library not licensed to copy$c0$e01-oct-2013$hC$iCFP Excluded$5Uk
=CAT  \\$a7164$b40$c20071105$lBLL01$h0910
=CAT  \\$a11317$b40$c20071108$lBLL01$h0854
=CAT  \\$aBATCH-CLA$b00$c20130527$lBLL01$h0130
=CAT  \\$aBATCH-CLA$b00$c20130630$lBLL01$h1630
=CAT  \\$aIPL-CLA$c20130701$lBLL01$h0115
=CAT  \\$aBATCH-CLA$b00$c20130702$lBLL01$h0201
=CAT  \\$aBATCH-CLA$b00$c20130929$lBLL01$h1618
=CAT  \\$aIPL-CLA$c20130930$lBLL01$h1756
=CAT  \\$aBATCH-CLA$b00$c20131202$lBLL01$h0331
=CAT  \\$aIPL-CLA$c20140101$lBLL01$h0039
=CAT  \\$aBATCH-CLA$b00$c20140327$lBLL01$h1829
=CAT  \\$aIPL-CLA$c20140331$lBLL01$h1633
=CFI  0\$aBritish Library not licensed to copy$c0$e01-apr-2014$hC$iCFP Excluded$5Uk
=CFI  2\$aBritish Library not licensed to copy$c0$e01-jan-2014$hC$iCFP Excluded$5Uk
=FIN  \\$aY$d20071108
=FMT  \\$a  BK
=LAS  \\$aIPL-CLA$b00$c20140331$lBLL01$h1633
=SID  \\$aZ39$bOCLC
=TCO  \\$aTRS$bCCC$c008

