=LDR  04057 am a22005897a 4500
=001  014274194
=003  Uk
=005  20071108085742.0
=008  071105s2007\\\\maua\\\\\b\\\\000\0\eng\d
=035  \\$a(OCoLC)180705504
=040  \\$aGZM$cGZM$dUk
=100  1\$aDave, Dhaval.
=245  10$aRisk tolerance and alcohol demand among adults and older adults /$cDhaval Dave, Henry Saffer.
=260  \\$aCambridge, Mass. :$bNational Bureau of Economic Research,$cc2007.
=300  \\$a42 p. :$bill. ;$c22 cm.
=336  \\$atext$2rdacontent
=337  \\$aunmediated$2rdamedia
=338  \\$avolume$2rdacarrier
=490  1\$aNBER working paper series ;$vno. 13482
=500  \\$a"October 2007."
=504  \\$aIncludes bibliographical references (p. 26-28).
=520  \\$aThis study has two primary goals. These are the examination of the effect of risk tolerance on individuals' demand for alcohol and second, the examination of the demand for alcohol by older adults over the age of 55. The data sets employed are multiple waves from the Panel Study of Income Dynamics (PSID) and the Health and Retirement Study (HRS). While risk tolerance can impact the level of alcohol consumption, it may also affect the sensitivity of demand to prices. There are parallels between the economist's and the psychologist's concept of risk tolerance. Research on attitudes towards risk by psychologists is part of a larger theoretical and empirical literature on personality traits. Psychologists have found risk tolerance to be an important determinant of alcohol consumption. The empirical results indicate that risk aversion has a significant negative effect on alcohol consumption, with the prevalence and consumption among risk-tolerant individuals being six to eight percent higher. Furthermore, the tax elasticity is similar across both risk-averse and risk-tolerant individuals. This suggests that tax policies may be effective in deterring alcohol consumption even among those who have a higher propensity for alcohol use. The significance of research on alcohol demand by individuals ages 55 and older is highlighted by the increased potential for alcohol-related adverse consequences among this demographic group. Comparing younger adults (ages 21-54) with older adults, responses to taxes and prices are higher among the older sub-population. The tax elasticity is estimated at -0.05 for younger adults, compared to -0.20 for older adults.
=530  \\$aAlso available in PDF from the NBER World Wide Web site (www.nber.org).
=540  \\$aBritish Library not licensed to copy$c0$5Uk
=650  \0$aDrinking of alcoholic beverages$xEconometric models.
=650  \0$aOlder people$xAlcohol use$xEconometric models.
=650  \0$aRisk-taking (Psychology)
=700  1\$aSaffer, Henry.
=710  2\$aNational Bureau of Economic Research.
=830  \0$aWorking paper series (National Bureau of Economic Research) ;$vworking paper no. 13482.
=852  41$aBritish Library$bDSC$j6067.719500$ino. 13482
=856  41$uhttp://www.nber.org/papers/W13482
=ACF  \\$aBritish Library not licensed to copy$c0$e01-oct-2013$hC$iCFP Excluded$5Uk
=CAT  \\$a7164$b40$c20071105$lBLL01$h0932
=CAT  \\$a11317$b40$c20071108$lBLL01$h0857
=CAT  \\$aBATCH-CLA$b00$c20130527$lBLL01$h0130
=CAT  \\$aBATCH-CLA$b00$c20130630$lBLL01$h1630
=CAT  \\$aIPL-CLA$c20130701$lBLL01$h0115
=CAT  \\$aBATCH-CLA$b00$c20130702$lBLL01$h0201
=CAT  \\$aBATCH-CLA$b00$c20130929$lBLL01$h1618
=CAT  \\$aIPL-CLA$c20130930$lBLL01$h1756
=CAT  \\$aBATCH-CLA$b00$c20131202$lBLL01$h0331
=CAT  \\$aIPL-CLA$c20140101$lBLL01$h0039
=CAT  \\$aBATCH-CLA$b00$c20140327$lBLL01$h1829
=CAT  \\$aIPL-CLA$c20140331$lBLL01$h1633
=CFI  0\$aBritish Library not licensed to copy$c0$e01-apr-2014$hC$iCFP Excluded$5Uk
=CFI  2\$aBritish Library not licensed to copy$c0$e01-jan-2014$hC$iCFP Excluded$5Uk
=FIN  \\$aY$d20071108
=FMT  \\$a  BK
=LAS  \\$aIPL-CLA$b00$c20140331$lBLL01$h1633
=SID  \\$aZ39$bOCLC
=TCO  \\$aTRS$bCCC$c008

