=LDR  02616cam a22005657a 4500
=001  014274233
=003  Uk
=005  20230924064925.0
=007  cr\mn|||||||||
=008  071101s2007\\\\maua\\\\\b\\\\000\0\eng\d
=035  \\$a(OCoLC)180194817
=040  \\$aIUL$cIUL$dGZM$dUk
=100  1\$aHart, Oliver D.
=245  10$aReference points and the theory of the firm /$cOliver D. Hart.
=260  \\$aCambridge, Mass. :$bNational Bureau of Economic Research,$cc2007.
=300  \\$a16 p. :$bill. ;$c22 cm.
=336  \\$atext$2rdacontent
=337  \\$acomputer$2rdamedia
=338  \\$aonline resource$2rdacarrier
=490  1\$aNBER working paper series ;$vno. 13481
=500  \\$a"October 2007"
=504  \\$aIncludes bibliographical references (p. 15-16).
=520  \\$aIn this article I argue that it has been hard to make progress on Coase's theory of the firm agenda because of the difficulty of formalizing haggling costs. I propose an approach that tries to move things forward using the idea of aggrievement costs, and apply it to the question of whether a transaction should be placed inside a firm (in-house production) or in the market place (outsourcing).
=530  \\$aAlso available in PDF from the NBER world wide web site (www.nber.org).
=540  \\$aBritish Library not licensed to copy$c0$5Uk
=650  \0$aIndustrial organization (Economic theory)
=710  2\$aNational Bureau of Economic Research.
=830  \0$aWorking paper series (National Bureau of Economic Research) ;$vworking paper no. 13481.
=852  41$aBritish Library$bDSC$j6067.719500$ino. 13481
=856  41$uhttp://www.nber.org/papers/W13481
=ACF  \\$aBritish Library not licensed to copy$c0$e01-oct-2013$hC$iCFP Excluded$5Uk
=CAT  \\$a7164$b40$c20071105$lBLL01$h1027
=CAT  \\$aBATCH-CLA$b00$c20130527$lBLL01$h0130
=CAT  \\$aBATCH-CLA$b00$c20130630$lBLL01$h1630
=CAT  \\$aIPL-CLA$c20130701$lBLL01$h0115
=CAT  \\$aBATCH-CLA$b00$c20130702$lBLL01$h0201
=CAT  \\$aBATCH-CLA$b00$c20130929$lBLL01$h1618
=CAT  \\$aIPL-CLA$c20130930$lBLL01$h1756
=CAT  \\$aBATCH-CLA$b00$c20131202$lBLL01$h0331
=CAT  \\$aIPL-CLA$c20140101$lBLL01$h0039
=CAT  \\$aBATCH-CLA$b00$c20140327$lBLL01$h1829
=CAT  \\$aIPL-CLA$c20140331$lBLL01$h1633
=CAT  \\$aW2308-1659$c20230923$lBLL01$h1113
=CAT  \\$aBATCH-CLA$b00$c20230924$lBLL01$h0649
=CFI  0\$aBritish Library not licensed to copy$c0$e01-apr-2014$hC$iCFP Excluded$5Uk
=FIN  \\$aY$d20071105
=FMT  \\$a  BK
=LAS  \\$aBATCH-CLA$b00$c20230924$lBLL01$h0649
=SID  \\$aZ39$bOCLC
=TCO  \\$aTRS$bCCC$c008

