=LDR  03102 am a22005657a 4500
=001  014274237
=003  Uk
=005  20071108085943.0
=008  071105s2007\\\\maua\\\\\b\\\\000\0\eng\d
=035  \\$a(OCoLC)180705324
=040  \\$aGZM$cGZM$dGZM$dUk
=100  1\$aCutler, David M.
=245  14$aThe lifetime costs and benefits of medical technology /$cDavid M. Cutler.
=260  \\$aCambridge, Mass. :$bNational Bureau of Economic Research,$cc2007.
=300  \\$a30, [9] p. :$bill. ;$c22 cm.
=336  \\$atext$2rdacontent
=337  \\$aunmediated$2rdamedia
=338  \\$avolume$2rdacarrier
=490  1\$aNBER working paper series ;$vno. 13478
=500  \\$a"October 2007."
=504  \\$aIncludes bibliographical references (p. 29-30).
=520  \\$aMeasuring the lifetime costs and benefits of medical technologies is essential in evaluating technological change and determining the productivity of medical care. Using data on Medicare beneficiaries with a heart attack in the late 1980s and 17 years of follow up data, I evaluate the long-term costs and benefits of revascularization after a heart attack. I account for non-random selection into treatment with instrumental variables; following McClellan, McNeil, and Newhouse, the instrument is the differential distance to a hospital capable of providing revascularization. The results show that revascularization is associated with over 1 year of additional life expectancy, at a cost of about {dollar}40,000. Revascularization, or other treatments correlated with it, appears to be highly cost-effective.
=530  \\$aAlso available in PDF from the NBER World Wide Web site (www.nber.org).
=540  \\$aBritish Library not licensed to copy$c0$5Uk
=650  \0$aMyocardial revascularization$xEconomic aspects.
=650  \0$aMedical technology$xEconomic aspects.
=710  2\$aNational Bureau of Economic Research.
=830  \0$aWorking paper series (National Bureau of Economic Research) ;$vworking paper no. 13478.
=852  41$aBritish Library$bDSC$j6067.719500$ino. 13478
=856  41$uhttp://www.nber.org/papers/W13478
=ACF  \\$aBritish Library not licensed to copy$c0$e01-oct-2013$hC$iCFP Excluded$5Uk
=CAT  \\$a7164$b40$c20071105$lBLL01$h1031
=CAT  \\$a11317$b40$c20071108$lBLL01$h0859
=CAT  \\$aBATCH-CLA$b00$c20130527$lBLL01$h0130
=CAT  \\$aBATCH-CLA$b00$c20130630$lBLL01$h1630
=CAT  \\$aIPL-CLA$c20130701$lBLL01$h0115
=CAT  \\$aBATCH-CLA$b00$c20130702$lBLL01$h0201
=CAT  \\$aBATCH-CLA$b00$c20130929$lBLL01$h1618
=CAT  \\$aIPL-CLA$c20130930$lBLL01$h1756
=CAT  \\$aBATCH-CLA$b00$c20131202$lBLL01$h0331
=CAT  \\$aIPL-CLA$c20140101$lBLL01$h0039
=CAT  \\$aBATCH-CLA$b00$c20140327$lBLL01$h1829
=CAT  \\$aIPL-CLA$c20140331$lBLL01$h1633
=CFI  0\$aBritish Library not licensed to copy$c0$e01-apr-2014$hC$iCFP Excluded$5Uk
=CFI  2\$aBritish Library not licensed to copy$c0$e01-jan-2014$hC$iCFP Excluded$5Uk
=FIN  \\$aY$d20071108
=FMT  \\$a  BK
=LAS  \\$aIPL-CLA$b00$c20140331$lBLL01$h1633
=SID  \\$aZ39$bOCLC
=TCO  \\$aTRS$bCCC$c008

