=LDR  03416cam a22006257a 4500
=001  014274242
=003  Uk
=005  20230924064925.0
=007  cr\mn|||||||||
=008  071017s2007\\\\maua\\\\\b\\\\000\0\eng\d
=035  \\$a(OCoLC)174591419
=040  \\$aIUL$cIUL$dGZM$dUk
=100  10$aChaudhuri, Shubham.
=245  10$aSome simple analytics of trade and labor mobility /$cShubham Chaudhuri, John McLaren.
=260  \\$aCambridge, Mass. :$bNational Bureau of Economic Research,$c2007.
=300  \\$a29, [4] p. :$bill. ;$c22 cm.
=336  \\$atext$2rdacontent
=337  \\$acomputer$2rdamedia
=338  \\$aonline resource$2rdacarrier
=490  1\$aNBER working paper series ;$vno. 13464
=500  \\$a"October 2007"
=504  \\$aIncludes bibliographical references (p. 27-29).
=520  \\$aWe study a simple, tractable model of labor adjustment in a trade model that allows us to analyze the economy's dynamic response to trade liberalization. Since it is a neoclassical market-clearing model, we can use duality techniques to study the equilibrium, and despite its simplicity a rich variety of properties emerge. The model generates gross flows of labor across industries, even in the steady state; persistent wage differentials across industries; gradual adjustment to a liberalization; and anticipatory adjustment to a pre-announced liberalization. Pre-announcement makes liberalization less attractive to export-sector workers and more attractive to import-sector workers, eventually making workers unanimous either in favor of or in opposition to liberalization. Based on these results, we identify many pitfalls to conventional methods of empirical study of trade liberalization that are based on static models.
=530  \\$aAlso available in PDF from the NBER world wide web site (www.nber.org).
=540  \\$aBritish Library not licensed to copy$c0$5Uk
=650  \0$aLabor market$xEconometric models.
=650  \0$aFree trade$xEconometric models.
=700  1\$aMcLaren, John,$d1962-
=710  2\$aNational Bureau of Economic Research.
=830  \0$aWorking paper series (National Bureau of Economic Research) ;$vworking paper no. 13464.
=852  41$aBritish Library$bDSC$j6067.719500$ino. 13464
=856  41$uhttp://www.nber.org/papers/W13464
=ACF  \\$aBritish Library not licensed to copy$c0$e01-oct-2013$hC$iCFP Excluded$5Uk
=CAT  \\$a7164$b40$c20071105$lBLL01$h1034
=CAT  \\$aBATCH-UPD$b40$c20091024$lBLL01$h1813
=CAT  \\$aBATCH-CLA$b00$c20130527$lBLL01$h0130
=CAT  \\$aBATCH-CLA$b00$c20130630$lBLL01$h1630
=CAT  \\$aIPL-CLA$c20130701$lBLL01$h0115
=CAT  \\$aBATCH-CLA$b00$c20130702$lBLL01$h0201
=CAT  \\$aBATCH-CLA$b00$c20130929$lBLL01$h1618
=CAT  \\$aIPL-CLA$c20130930$lBLL01$h1756
=CAT  \\$aBATCH-CLA$b00$c20131202$lBLL01$h0331
=CAT  \\$aIPL-CLA$c20140101$lBLL01$h0039
=CAT  \\$aBATCH-CLA$b00$c20140327$lBLL01$h1829
=CAT  \\$aIPL-CLA$c20140331$lBLL01$h1633
=CAT  \\$aBATCH-UPD$b00$c20211217$lBLL01$h2058
=CAT  \\$aBATCH-CLA$b00$c20211218$lBLL01$h0138
=CAT  \\$aW2308-1659$c20230923$lBLL01$h1113
=CAT  \\$aBATCH-CLA$b00$c20230924$lBLL01$h0649
=CFI  0\$aBritish Library not licensed to copy$c0$e01-apr-2014$hC$iCFP Excluded$5Uk
=FIN  \\$aY$d20071105
=FMT  \\$a  BK
=LAS  \\$aBATCH-CLA$b00$c20230924$lBLL01$h0649
=SID  \\$aZ39$bOCLC
=TCO  \\$aTRS$bCCC$c008

