=LDR  03360cam a22006137a 4500
=001  014274396
=003  Uk
=005  20230924064925.0
=007  cr\mn|||||||||
=008  071102s2007\\\\maua\\\\\b\\\\000\0\eng\d
=035  \\$a(OCoLC)180277986
=040  \\$aGZM$cGZM$dGZM$dUk
=043  \\$an-us---$an-us-pa$an-us-nj$an-us-md
=100  1\$aMansur, Erin.
=245  10$aMeasuring welfare in restructured electricity markets /$cErin T. Mansur.
=260  \\$aCambridge, Mass. :$bNational Bureau of Economic Research,$cc2007.
=300  \\$a56 p. :$bill. ;$c22 cm.
=336  \\$atext$2rdacontent
=337  \\$acomputer$2rdamedia
=338  \\$aonline resource$2rdacarrier
=490  1\$aNBER working paper series ;$vno. 13509
=500  \\$a"October 2007".
=504  \\$aIncludes bibliographical references (p. 41-44).
=520  \\$aRestructuring electricity markets has enabled wholesalers to exercise market power. Using a common method of measuring competitive behavior in these markets, several studies have found substantial inefficiencies. This method overstates actual welfare loss by ignoring production constraints that result in non-convex costs. I develop an alternative method that accounts for these constraints and apply it to the Pennsylvania, New Jersey, and Maryland market. For the summer following restructuring, the common method implies that market imperfections resulted in considerable welfare loss, with actual production costs exceeding the competitive model's estimates by 13 to 21 percent. In contrast, my method finds that actual costs were only between three and eight percent above the competitive levels. In particular, it is the fringe firms whose costs increase, while strategic firms reduce production and costs.
=530  \\$aAlso available in PDF from the NBER World Wide Web site (www.nber.org).
=540  \\$aBritish Library not licensed to copy$c0$5Uk
=650  \0$aElectricity$xPrices$zUnited States$xEconometric models.
=650  \0$aEnergy industries$xGovernment policy.
=710  2\$aNational Bureau of Economic Research.
=830  \0$aWorking paper series (National Bureau of Economic Research) ;$vworking paper no. 13509.
=852  41$aBritish Library$bDSC$j6067.719500$ino. 13509
=856  41$uhttp://www.nber.org/papers/W13509
=ACF  \\$aBritish Library not licensed to copy$c0$e01-oct-2013$hC$iCFP Excluded$5Uk
=CAT  \\$a8411$b40$c20071105$lBLL01$h1148
=CAT  \\$a11250$b40$c20071109$lBLL01$h1304
=CAT  \\$a11250$b40$c20071109$lBLL01$h1305
=CAT  \\$aBATCH-CLA$b00$c20130527$lBLL01$h0130
=CAT  \\$aBATCH-CLA$b00$c20130630$lBLL01$h1630
=CAT  \\$aIPL-CLA$c20130701$lBLL01$h0115
=CAT  \\$aBATCH-CLA$b00$c20130702$lBLL01$h0201
=CAT  \\$aBATCH-CLA$b00$c20130929$lBLL01$h1618
=CAT  \\$aIPL-CLA$c20130930$lBLL01$h1756
=CAT  \\$aBATCH-CLA$b00$c20131202$lBLL01$h0331
=CAT  \\$aIPL-CLA$c20140101$lBLL01$h0039
=CAT  \\$aBATCH-CLA$b00$c20140327$lBLL01$h1829
=CAT  \\$aIPL-CLA$c20140331$lBLL01$h1633
=CAT  \\$aW2308-1659$c20230923$lBLL01$h1113
=CAT  \\$aBATCH-CLA$b00$c20230924$lBLL01$h0649
=CFI  0\$aBritish Library not licensed to copy$c0$e01-apr-2014$hC$iCFP Excluded$5Uk
=FIN  \\$aY$d20071109
=FMT  \\$a  BK
=LAS  \\$aBATCH-CLA$b00$c20230924$lBLL01$h0649
=SID  \\$aZ39$bOCLC
=TCO  \\$aTRS$bCCC$c008

