=LDR  03307cam a22006137a 4500
=001  014275713
=003  Uk
=005  20230924064925.0
=007  cr\mn|||||||||
=008  071105s2007\\\\maua\\\\\b\\\\000\0\eng\d
=035  \\$a(OCoLC)180705741
=040  \\$aGZM$cGZM$dUk
=100  1\$aGrogger, Jeff.
=245  14$aThe effects of work-conditioned transfers on marriage and child well-being :$ba review /$cJeffrey Grogger, Lynn Karoly.
=260  \\$aCambridge, Mass. :$bNational Bureau of Economic Research,$cc2007.
=300  \\$a49 p. :$bill. ;$c22 cm.
=336  \\$atext$2rdacontent
=337  \\$acomputer$2rdamedia
=338  \\$aonline resource$2rdacarrier
=490  1\$aNBER working paper series ;$vno. 13485
=500  \\$a"October 2007".
=504  \\$aIncludes bibliographical references (p. 38-41).
=520  \\$aTransfer payments to poor families are increasingly conditioned on work, either via wage subsidies available only to workers or via work requirements in more traditional welfare programs. Although the effects of such programs on employment are fairly well understood, relatively little is known about their effects on marriage or child well-being. We review a small number of studies that provide such information here. Our discussion of marriage is couched in terms of a theoretical model that draws from the efficient-household literature. The model is consistent with the wide range of effects that we observe and suggests an explanation for some of the observed differences. The theoretical framework in which we couch our review of results on children is likewise consistent with the observed variation between programs and among children of different ages.
=530  \\$aAlso available in PDF from the NBER World Wide Web site (www.nber.org).
=540  \\$aBritish Library not licensed to copy$c0$5Uk
=650  \0$aPublic welfare$xSocial aspects.
=650  \0$aMarriage$xEconomic aspects.
=650  \0$aChild welfare$xEconomic aspects.
=700  1\$aKaroly, Lynn A.,$d1961-
=710  2\$aNational Bureau of Economic Research.
=830  \0$aWorking paper series (National Bureau of Economic Research) ;$vworking paper no. 13485.
=852  41$aBritish Library$bDSC$j6067.719500$ino. 13485
=856  41$uhttp://www.nber.org/papers/W13485
=ACF  \\$aBritish Library not licensed to copy$c0$e01-oct-2013$hC$iCFP Excluded$5Uk
=CAT  \\$a8411$b40$c20071106$lBLL01$h1547
=CAT  \\$a11250$b40$c20071109$lBLL01$h1355
=CAT  \\$aBATCH-CLA$b00$c20130527$lBLL01$h0130
=CAT  \\$aBATCH-CLA$b00$c20130630$lBLL01$h1630
=CAT  \\$aIPL-CLA$c20130701$lBLL01$h0115
=CAT  \\$aBATCH-CLA$b00$c20130702$lBLL01$h0201
=CAT  \\$aBATCH-CLA$b00$c20130929$lBLL01$h1618
=CAT  \\$aIPL-CLA$c20130930$lBLL01$h1756
=CAT  \\$aBATCH-CLA$b00$c20131202$lBLL01$h0331
=CAT  \\$aIPL-CLA$c20140101$lBLL01$h0040
=CAT  \\$aBATCH-CLA$b00$c20140327$lBLL01$h1829
=CAT  \\$aIPL-CLA$c20140331$lBLL01$h1633
=CAT  \\$aW2308-1659$c20230923$lBLL01$h1113
=CAT  \\$aBATCH-CLA$b00$c20230924$lBLL01$h0649
=CFI  0\$aBritish Library not licensed to copy$c0$e01-apr-2014$hC$iCFP Excluded$5Uk
=FIN  \\$aY$d20071109
=FMT  \\$a  BK
=LAS  \\$aBATCH-CLA$b00$c20230924$lBLL01$h0649
=SID  \\$aZ39$bOCLC
=TCO  \\$aTRS$bCCC$c008

