=LDR  03684cam a22006257a 4500
=001  014275720
=003  Uk
=005  20230924064925.0
=007  cr\mn|||||||||
=008  071105s2007\\\\maua\\\\\b\\\\000\0\eng\d
=035  \\$a(OCoLC)180703584
=040  \\$aGZM$cGZM$dUk
=100  1\$aBeaudry, Paul,$d1960-
=245  14$aThe economics of inefficient technology use /$cPaul Beaudry, Patrick Francois.
=260  \\$aCambridge, Mass. :$bNational Bureau of Economic Research,$cc2007.
=300  \\$a44 p. :$bill. ;$c22 cm.
=336  \\$atext$2rdacontent
=337  \\$acomputer$2rdamedia
=338  \\$aonline resource$2rdacarrier
=490  1\$aNBER working paper series ;$vno. 13500
=500  \\$a"October 2007".
=504  \\$aIncludes bibliographical references (p. 43-44).
=520  \\$aThe adoption and diffusion of technological knowledge is generally regarded as a key element in a country's economic success. However, as is the case with most types of information, the transfer of technological knowledge is likely to be subject to adverse selection problems. In this paper we examine whether asymmetric information regarding who knows how to run a new technology efficiently can explain a set of observations regarding within and cross-country patterns of technology diffusion. In particular, we show how the dynamics of adverse selection in the market for technological knowhow can explain (1) why inefficient technology use may take over a market even when better practice is available, (2) why widespread inefficient use may persist unless a critical mass of firms switch to best practice, (3) why efficient adoption of new technologies is more likely to occur where the existing technology is already productive, where wages are already relatively high, and where the new technology is not too great an advance over the old one, and (4) why the international mobility of knowledgeable individuals does not guarantee the diffusion of best practice technology across countries.
=530  \\$aAlso available in PDF from the NBER World Wide Web site (www.nber.org).
=540  \\$aBritish Library not licensed to copy$c0$5Uk
=650  \0$aTechnological innovations$xEconomic aspects.
=700  1\$aFrançois, Patrick.
=710  2\$aNational Bureau of Economic Research.
=830  \0$aWorking paper series (National Bureau of Economic Research) ;$vworking paper no. 13500.
=852  41$aBritish Library$bDSC$j6067.719500$ino. 13500
=856  41$uhttp://www.nber.org/papers/W13500
=ACF  \\$aBritish Library not licensed to copy$c0$e01-oct-2013$hC$iCFP Excluded$5Uk
=CAT  \\$a8411$b40$c20071106$lBLL01$h1551
=CAT  \\$a11250$b40$c20071109$lBLL01$h1359
=CAT  \\$aBATCH-CLA$b00$c20130527$lBLL01$h0130
=CAT  \\$aBATCH-CLA$b00$c20130630$lBLL01$h1630
=CAT  \\$aIPL-CLA$c20130701$lBLL01$h0115
=CAT  \\$aBATCH-CLA$b00$c20130702$lBLL01$h0201
=CAT  \\$aBATCH-UPD$b00$c20130811$lBLL01$h1047
=CAT  \\$aBATCH-CLA$b00$c20130929$lBLL01$h1618
=CAT  \\$aIPL-CLA$c20130930$lBLL01$h1756
=CAT  \\$aBATCH-CLA$b00$c20131202$lBLL01$h0331
=CAT  \\$aIPL-CLA$c20140101$lBLL01$h0040
=CAT  \\$aBATCH-CLA$b00$c20140327$lBLL01$h1829
=CAT  \\$aIPL-CLA$c20140331$lBLL01$h1633
=CAT  \\$aBATCH-UPD$b00$c20191120$lBLL01$h1759
=CAT  \\$aBATCH-CLA$b00$c20191121$lBLL01$h0108
=CAT  \\$aW2308-1659$c20230923$lBLL01$h1113
=CAT  \\$aBATCH-CLA$b00$c20230924$lBLL01$h0649
=CFI  0\$aBritish Library not licensed to copy$c0$e01-apr-2014$hC$iCFP Excluded$5Uk
=FIN  \\$aY$d20071109
=FMT  \\$a  BK
=LAS  \\$aBATCH-CLA$b00$c20230924$lBLL01$h0649
=SID  \\$aZ39$bOCLC
=TCO  \\$aTRS$bCCC$c008

