=LDR  03725cam a22006137a 4500
=001  014275734
=003  Uk
=005  20230924064925.0
=007  cr\mn|||||||||
=008  071105s2007\\\\mau\\\\\\b\\\\000\0\eng\d
=035  \\$a(OCoLC)180705633
=040  \\$aGZM$cGZM$dUk
=100  10$aGalenson, David W.
=245  10$aCo-authoring advanced art /$cDavid Galenson.
=260  \\$aCambridge, Mass. :$bNational Bureau of Economic Research,$cc2007.
=300  \\$a19 p. ;$c22 cm.
=336  \\$atext$2rdacontent
=337  \\$acomputer$2rdamedia
=338  \\$aonline resource$2rdacarrier
=490  1\$aNBER working paper series ;$vno. 13484
=500  \\$a"October 2007".
=504  \\$aIncludes bibliographical references.
=520  \\$aThe joint production of paintings by more than one artist was not uncommon in the past: a number of Old Masters had assistants do much of the work on their paintings, executing images that had been planned by the master. Yet prior to the twentieth century very few paintings were actually signed by more than one artist. Early in the twentieth century, many important conceptual artists occasionally co-authored paintings or drawings, but consistent co-authorship of paintings, sculptures, and photographs is a practice that is novel to the late twentieth century. These recent instances have generally involved pairs of conceptual artists. The English team, Gilbert and George, is the most important pair that has consistently produced co-authored works; they have executed all of their work jointly since 1969, when they made Singing Sculpture, their first and most famous piece. A number of pairs of young conceptual artists had worked closely together earlier in the century, but they did not formally co-author their work, perhaps because of the art world's commitment to the ideal of the autonomous artist. Since the critical and economic success of Gilbert and George has demonstrated that this resistance can be overcome, co-authorship has become more common among younger conceptual artists, and this trend is likely to continue in future.
=530  \\$aAlso available in PDF from the NBER World Wide Web site (www.nber.org).
=540  \\$aBritish Library not licensed to copy$c0$5Uk
=610  20$aGilbert & George.
=650  \0$aArtistic collaboration$xHistory$y20th century.
=710  2\$aNational Bureau of Economic Research.
=830  \0$aWorking paper series (National Bureau of Economic Research) ;$vworking paper no. 13484.
=852  41$aBritish Library$bDSC$j6067.719500$ino. 13484
=856  41$uhttp://www.nber.org/papers/W13484
=ACF  \\$aBritish Library not licensed to copy$c0$e01-oct-2013$hC$iCFP Excluded$5Uk
=CAT  \\$a8411$b40$c20071106$lBLL01$h1602
=CAT  \\$a11250$b40$c20071109$lBLL01$h1358
=CAT  \\$aBATCH-CLA$b00$c20130527$lBLL01$h0130
=CAT  \\$aBATCH-CLA$b00$c20130630$lBLL01$h1630
=CAT  \\$aIPL-CLA$c20130701$lBLL01$h0115
=CAT  \\$aBATCH-CLA$b00$c20130702$lBLL01$h0201
=CAT  \\$aBATCH-CLA$b00$c20130929$lBLL01$h1618
=CAT  \\$aIPL-CLA$c20130930$lBLL01$h1756
=CAT  \\$aBATCH-CLA$b00$c20131202$lBLL01$h0331
=CAT  \\$aIPL-CLA$c20140101$lBLL01$h0040
=CAT  \\$aBATCH-CLA$b00$c20140327$lBLL01$h1829
=CAT  \\$aIPL-CLA$c20140331$lBLL01$h1633
=CAT  \\$aBATCH-UPD$b00$c20150925$lBLL01$h2040
=CAT  \\$aBATCH-CLA$b00$c20150926$lBLL01$h0125
=CAT  \\$aW2308-1659$c20230923$lBLL01$h1113
=CAT  \\$aBATCH-CLA$b00$c20230924$lBLL01$h0649
=CFI  0\$aBritish Library not licensed to copy$c0$e01-apr-2014$hC$iCFP Excluded$5Uk
=FIN  \\$aY$d20071109
=FMT  \\$a  BK
=LAS  \\$aBATCH-CLA$b00$c20230924$lBLL01$h0649
=SID  \\$aZ39$bOCLC
=TCO  \\$aTRS$bCCC$c008

