=LDR  03802 am a22006017a 4500
=001  014339327
=003  Uk
=005  20071115144522.0
=008  071030s2007\\\\maua\\\\\b\\\\000\0\eng\d
=035  \\$a(OCoLC)179865111
=040  \\$aUPM$cUPM$dUPM$dGZM$dUk
=050  14$aHB1$b.W654 no. 13506
=100  1\$aBlanchflower, David G.
=245  10$aFear, unemployment and migration /$cDavid G. Blanchflower, Chris Shadforth.
=260  \\$aCambridge, Mass. :$bNBER,$cc2007.
=300  \\$a52 p. :$bill. ;$c22 cm.
=336  \\$atext$2rdacontent
=337  \\$aunmediated$2rdamedia
=338  \\$avolume$2rdacarrier
=490  1\$aNBER working paper series ;$vworking paper 13506
=500  \\$a"October 2007."
=504  \\$aIncludes bibliographical references (p. 49-52).
=520  \\$aUK population growth over the past thirty-five years has been remarkably low in comparison with other countries; the population grew by just 7% between 1971 and 2004, less than all the other EU15 countries. The UK population has grown at a faster pace since the turn of the millennium. Both the inflow and outflow rates have risen, but the inflow rate has risen more rapidly recently, with an influx of workers from Eastern European. The propensity to come to the UK to work is higher the lower is a) GDP per capita b) life satisfaction in each of the East European countries. There is reason to believe that the majority of those who have arrived in the UK from Eastern Europe have not come permanently. When surveyed only 9% said they expected to stay for more than two years. Hence, in our view it is inappropriate to call them migrants, whereas in fact they should more appropriately be considered temporary or guest workers. There is evidence that, as a result of this increase in the flow of workers from Eastern Europe, the fear of unemployment has risen in the UK which appears to have contained wage pressures. We argue that the influx of workers from Eastern Europe has tended to increase supply by more than it has increased demand in the UK (in the short run). We argue that this has acted to reduce inflationary pressures and reduce the natural rate of unemployment.
=530  \\$aAlso available in PDF from the NBER World Wide Web site (www.nber.org).
=540  \\$aBritish Library not licensed to copy$c0$5Uk
=650  \0$aUnemployment$zGreat Britain$xEconometric models.
=650  \0$aEast Europeans$zGreat Britain.
=651  \0$aGreat Britain$xEmigration and immigration$xEconomic aspects.
=700  1\$aShadforth, Chris.
=710  2\$aNational Bureau of Economic Research.
=830  \0$aWorking paper series (National Bureau of Economic Research) ;$vworking paper no. 13506.
=852  41$aBritish Library$bDSC$j6067.719500$i13506
=856  41$uhttp://www.nber.org/papers/W13506
=ACF  \\$aBritish Library not licensed to copy$c0$e01-oct-2013$hC$iCFP Excluded$5Uk
=CAT  \\$a6098$b40$c20071112$lBLL01$h1107
=CAT  \\$a11317$b40$c20071115$lBLL01$h1445
=CAT  \\$aBATCH-CLA$b00$c20130527$lBLL01$h0130
=CAT  \\$aBATCH-CLA$b00$c20130630$lBLL01$h1630
=CAT  \\$aIPL-CLA$c20130701$lBLL01$h0116
=CAT  \\$aBATCH-CLA$b00$c20130702$lBLL01$h0201
=CAT  \\$aBATCH-CLA$b00$c20130929$lBLL01$h1618
=CAT  \\$aIPL-CLA$c20130930$lBLL01$h1756
=CAT  \\$aBATCH-CLA$b00$c20131202$lBLL01$h0331
=CAT  \\$aIPL-CLA$c20140101$lBLL01$h0042
=CAT  \\$aBATCH-CLA$b00$c20140327$lBLL01$h1829
=CAT  \\$aIPL-CLA$c20140331$lBLL01$h1633
=CFI  0\$aBritish Library not licensed to copy$c0$e01-apr-2014$hC$iCFP Excluded$5Uk
=CFI  2\$aBritish Library not licensed to copy$c0$e01-jan-2014$hC$iCFP Excluded$5Uk
=FIN  \\$aY$d20071115
=FMT  \\$a  BK
=LAS  \\$aIPL-CLA$b00$c20140331$lBLL01$h1633
=SID  \\$aZ39$bOCLC
=TCO  \\$aTRS$bCCC$c008

