=LDR  03080cam a22006137a 4500
=001  014339475
=003  Uk
=005  20230924064925.0
=008  071102s2007\\\\maua\\\\\\\\\\000\0\eng\d
=035  \\$a(OCoLC)180213719
=040  \\$aIUL$cIUL$dGZM$dUk
=100  1\$aMcGrattan, Ellen R.
=245  10$aOpenness, technology capital, and development /$cEllen McGrattan, Edward C. Prescott.
=260  \\$aCambridge, Mass. :$bNational Bureau of Economic Research,$cc2007.
=300  \\$a33 p. :$bill. ;$c22 cm.
=336  \\$atext$2rdacontent
=337  \\$aunmediated$2rdamedia
=338  \\$avolume$2rdacarrier
=490  1\$aNBER working paper series ;$vno. 13515
=500  \\$a"October 2007"
=504  \\$aIncludes bibliographical references (p. 33).
=520  \\$aIn this paper, we extend the growth model to include firm-specific technology capital and use it to assess the gains from opening to foreign direct investment. A firm's technology capital is its unique know-how from investing in research and development, brands, and organization capital. What distinguishes technology capital from other forms of capital is the fact that a firm can use it simultaneously in multiple domestic and foreign locations. Foreign technology capital is exploited by permitting foreign direct investment by multinationals. In both steady-state and transitional analyses, the extended growth model predicts large gains to being open.
=530  \\$aAlso available in PDF from the NBER World Wide Web site (www.nber.org).
=540  \\$aBritish Library not licensed to copy$c0$5Uk
=650  \0$aTechnology$xEconomic aspects.
=650  \0$aInvestments, Foreign.
=650  \0$aEconomic development$xEconometric models.
=700  1\$aPrescott, Edward C.
=710  2\$aNational Bureau of Economic Research.
=830  \0$aWorking paper series (National Bureau of Economic Research) ;$vworking paper no. 13515.
=852  41$aBritish Library$bDSC$j6067.719500$i13515
=856  41$uhttp://www.nber.org/papers/W13515
=ACF  \\$aBritish Library not licensed to copy$c0$e01-oct-2013$hC$iCFP Excluded$5Uk
=CAT  \\$a6098$b40$c20071112$lBLL01$h1216
=CAT  \\$a6098$b40$c20071112$lBLL01$h1218
=CAT  \\$a6098$b40$c20071112$lBLL01$h1227
=CAT  \\$aBATCH-CLA$b00$c20130527$lBLL01$h0130
=CAT  \\$aBATCH-CLA$b00$c20130630$lBLL01$h1630
=CAT  \\$aIPL-CLA$c20130701$lBLL01$h0116
=CAT  \\$aBATCH-CLA$b00$c20130702$lBLL01$h0201
=CAT  \\$aBATCH-CLA$b00$c20130929$lBLL01$h1618
=CAT  \\$aIPL-CLA$c20130930$lBLL01$h1756
=CAT  \\$aBATCH-CLA$b00$c20131202$lBLL01$h0331
=CAT  \\$aIPL-CLA$c20140101$lBLL01$h0042
=CAT  \\$aBATCH-CLA$b00$c20140327$lBLL01$h1829
=CAT  \\$aIPL-CLA$c20140331$lBLL01$h1633
=CAT  \\$aW2308-1659$c20230923$lBLL01$h1113
=CAT  \\$aBATCH-CLA$b00$c20230924$lBLL01$h0649
=CFI  0\$aBritish Library not licensed to copy$c0$e01-apr-2014$hC$iCFP Excluded$5Uk
=FIN  \\$aY$d20071112
=FMT  \\$a  BK
=LAS  \\$aBATCH-CLA$b00$c20230924$lBLL01$h0649
=SID  \\$aZ39$bOCLC
=TCO  \\$aTRS$bCCC$c008

