=LDR  02992cam a22005897a 4500
=001  014340478
=003  Uk
=005  20230924064925.0
=007  cr\mn|||||||||
=008  071105s2007\\\\maua\\\\\b\\\\000\0\eng\d
=035  \\$a(OCoLC)180696079
=040  \\$aUPM$cUPM$dGZM$dUk
=050  14$aHB1$b.W654 no. 13522
=100  1\$aSweeting, Andrew.
=245  10$aDynamic product repositioning in differentiated product markets :$bthe case of format switching in the commercial radio industry /$cAndrew Sweeting.
=260  \\$aCambridge, Mass. :$bNational Bureau of Economic Research,$cc2007.
=300  \\$a48, [19] p. :$bill. ;$c22 cm.
=336  \\$atext$2rdacontent
=337  \\$acomputer$2rdamedia
=338  \\$aonline resource$2rdacarrier
=490  1\$aNBER working paper series ;$vworking paper 13522
=500  \\$a"October 2007."
=504  \\$aIncludes bibliographical references (p. 42-46).
=520  \\$aThe ability of firms to reposition their products can determine the effects of demand shocks, mergers and policy interventions in differentiated product markets. This paper estimates a dynamic oligopoly model to measure repositioning costs in the commercial radio industry. Based on a set of markets where industry revenues were around {dollar}88 billion, I find that stations may have spent as much as {dollar}6 billion on repositioning. However, repositioning costs are not large enough to prevent radio markets adapting quite quickly to demand shocks.
=530  \\$aAlso available in PDF from the NBER World Wide Web site (www.nber.org).
=540  \\$aBritish Library not licensed to copy$c0$5Uk
=650  \0$aRadio stations$zUnited States$xMarketing$xEconometric models.
=650  \0$aRadio broadcasting$xEconomic aspects$zUnited States.
=710  2\$aNational Bureau of Economic Research.
=830  \0$aWorking paper series (National Bureau of Economic Research) ;$vworking paper no. 13522.
=852  41$aBritish Library$bDSC$j6067.719500$ino. 13522
=856  41$uhttp://www.nber.org/papers/W13522
=ACF  \\$aBritish Library not licensed to copy$c0$e01-oct-2013$hC$iCFP Excluded$5Uk
=CAT  \\$a9504$b40$c20071113$lBLL01$h1202
=CAT  \\$aBATCH-CLA$b00$c20130527$lBLL01$h0130
=CAT  \\$aBATCH-CLA$b00$c20130630$lBLL01$h1630
=CAT  \\$aIPL-CLA$c20130701$lBLL01$h0116
=CAT  \\$aBATCH-CLA$b00$c20130702$lBLL01$h0201
=CAT  \\$aBATCH-CLA$b00$c20130929$lBLL01$h1618
=CAT  \\$aIPL-CLA$c20130930$lBLL01$h1756
=CAT  \\$aBATCH-CLA$b00$c20131202$lBLL01$h0331
=CAT  \\$aIPL-CLA$c20140101$lBLL01$h0042
=CAT  \\$aBATCH-CLA$b00$c20140327$lBLL01$h1829
=CAT  \\$aIPL-CLA$c20140331$lBLL01$h1633
=CAT  \\$aW2308-1659$c20230923$lBLL01$h1113
=CAT  \\$aBATCH-CLA$b00$c20230924$lBLL01$h0649
=CFI  0\$aBritish Library not licensed to copy$c0$e01-apr-2014$hC$iCFP Excluded$5Uk
=FIN  \\$aY$d20071113
=FMT  \\$a  BK
=LAS  \\$aBATCH-CLA$b00$c20230924$lBLL01$h0649
=SID  \\$aZ39$bOCLC
=TCO  \\$aTRS$bCCC$c008

