=LDR  03849cam a22006377a 4500
=001  014340496
=003  Uk
=005  20230924064925.0
=007  cr\mn|||||||||
=008  071105s2007\\\\maua\\\\\b\\\\000\0\eng\d
=035  \\$a(OCoLC)180705549
=040  \\$aIUL$cIUL$dGZM$dUk
=043  \\$an-us---
=100  1\$aCunha, Flavio.
=245  14$aThe evolution of inequality, heterogeneity and uncertainty in labor earnings in the U.S. economy /$cFlavio Cunha, James J. Heckman.
=260  \\$aCambridge, Mass. :$bNational Bureau of Economic Research,$cc2007.
=300  \\$a32, [21] p. :$bill. ;$c22 cm.
=336  \\$atext$2rdacontent
=337  \\$acomputer$2rdamedia
=338  \\$aonline resource$2rdacarrier
=490  1\$aNBER working paper series ;$vno. 13526
=500  \\$a"October 2007"
=504  \\$aIncludes bibliographical references (p. 23-26).
=520  \\$aA large empirical literature documents a rise in wage inequality in the American economy. It is silent on whether the increase in inequality is due to greater heterogeneity in the components of earnings that are predictable by agents or whether it is due to greater uncertainty faced by agents. Applying the methodology of Cunha, Heckman and Navarro (2005) to data on agents making schooling decisions in different economic environments, we join choice data with earnings data to estimate the fraction of future earnings that is forecastable and how this fraction has changed over time. We find that both predictable and unpredictable components of earnings have increased in recent years. The increase in uncertainty is substantially greater for unskilled workers. For less skilled workers, roughly 60% of the increase in wage variability is due to uncertainty. For more skilled workers, only 8% of the increase in wage variability is due to uncertainty. Roughly 26% of the increase in the variance of returns to schooling is due to increased uncertainty. Using conventional measures of income inequality masks the contribution of rising uncertainty to the rise in the inequality of earnings for less educated groups.
=530  \\$aAlso available in PDF from the NBER world wide web site (www.nber.org).
=540  \\$aBritish Library not licensed to copy$c0$5Uk
=650  \0$aWage differentials$zUnited States$xEconometric models.
=650  \0$aWages$zUnited States$xEconometric models.
=650  \0$aUnskilled labor$xSalaries, etc.$zUnited States$xEconometric models.
=700  1\$aHeckman, James J.$q(James Joseph).
=710  2\$aNational Bureau of Economic Research.
=830  \0$aWorking paper series (National Bureau of Economic Research) ;$vworking paper no. 13526.
=852  41$aBritish Library$bDSC$j6067.719500$ino. 13526
=856  41$uhttp://www.nber.org/papers/W13526
=ACF  \\$aBritish Library not licensed to copy$c0$e01-oct-2013$hC$iCFP Excluded$5Uk
=CAT  \\$a9504$b40$c20071113$lBLL01$h1209
=CAT  \\$aBATCH-CLA$b00$c20130527$lBLL01$h0130
=CAT  \\$aBATCH-CLA$b00$c20130630$lBLL01$h1630
=CAT  \\$aIPL-CLA$c20130701$lBLL01$h0116
=CAT  \\$aBATCH-CLA$b00$c20130702$lBLL01$h0201
=CAT  \\$aBATCH-CLA$b00$c20130929$lBLL01$h1618
=CAT  \\$aIPL-CLA$c20130930$lBLL01$h1756
=CAT  \\$aBATCH-CLA$b00$c20131202$lBLL01$h0331
=CAT  \\$aIPL-CLA$c20140101$lBLL01$h0042
=CAT  \\$aBATCH-CLA$b00$c20140327$lBLL01$h1829
=CAT  \\$aIPL-CLA$c20140331$lBLL01$h1633
=CAT  \\$aBATCH-UPD$b00$c20211217$lBLL01$h2058
=CAT  \\$aBATCH-CLA$b00$c20211218$lBLL01$h0138
=CAT  \\$aW2308-1659$c20230923$lBLL01$h1113
=CAT  \\$aBATCH-CLA$b00$c20230924$lBLL01$h0649
=CFI  0\$aBritish Library not licensed to copy$c0$e01-apr-2014$hC$iCFP Excluded$5Uk
=FIN  \\$aY$d20071113
=FMT  \\$a  BK
=LAS  \\$aBATCH-CLA$b00$c20230924$lBLL01$h0649
=SID  \\$aZ39$bOCLC
=TCO  \\$aTRS$bCCC$c008

