=LDR  03586cam a22006497a 4500
=001  014343014
=003  Uk
=005  20230924064925.0
=007  cr\mn|||||||||
=008  071101s2007\\\\maua\\\\\b\\\\000\0\eng\d
=035  \\$a(OCoLC)180194832
=040  \\$aIUL$cIUL$dGZM$dUk
=100  1\$aBordo, Michael D.
=245  10$aSudden stops :$bdeterminants and output effects in the first era of globalization, 1880-1913 /$cMichael D. Bordo, Alberto F. Cavallo, Christopher M. Meissner.
=260  \\$aCambridge, Mass. :$bNational Bureau of Economic Research,$cc2007.
=300  \\$a35 p. :$bill. ;$c22 cm.
=336  \\$atext$2rdacontent
=337  \\$acomputer$2rdamedia
=338  \\$aonline resource$2rdacarrier
=490  1\$aNBER working paper series ;$vno. 13489
=500  \\$a"October 2007".
=504  \\$aIncludes bibliographical references (p. 19-21).
=520  \\$aUsing a sample of 20 emerging countries from 1880 to 1913, we study the determinants and output effects of sudden stops in capital inflows during an era of intensified globalization. We find that higher levels of original sin (hard currency debt to total debt) and large current account deficits associated with reliance on foreign capital greatly increased the likelihood of experiencing a sudden stop. Trade openness and stronger commitment to the gold standard had the opposite effect. These results are robust for many sudden stop definitions used in the literature. Finally, we use a treatment effects model to show that after controlling for endogeneity sudden stops have a strong negative association with growth in per capita output. We also show that banking, currency and debt crises that were preceded by a sudden stop have much greater negative relation with growth than in the absence of a sudden stop.
=530  \\$aAlso available in PDF from the NBER world wide web site (www.nber.org).
=540  \\$aBritish Library not licensed to copy$c0$5Uk
=650  \0$aFinancial crises$xEconometric models.
=650  \0$aEconomic history$y1750-1918.
=650  \0$aGlobalization$xHistory$y19th century.
=650  \0$aGlobalization$xHistory$y20th century.
=700  1\$aCavallo, Alberto F.
=700  1\$aMeissner, Christopher M.$q(Christopher Michael).
=710  2\$aNational Bureau of Economic Research.
=830  \0$aWorking paper series (National Bureau of Economic Research) ;$vworking paper no. 13489.
=852  41$aBritish Library$bDSC$j6067.719500$ino. 13489
=856  41$uhttp://www.nber.org/papers/W13489
=ACF  \\$aBritish Library not licensed to copy$c0$e01-oct-2013$hC$iCFP Excluded$5Uk
=CAT  \\$a8411$b40$c20071114$lBLL01$h1157
=CAT  \\$a8411$b40$c20071212$lBLL01$h1338
=CAT  \\$aBATCH-CLA$b00$c20130527$lBLL01$h0130
=CAT  \\$aBATCH-CLA$b00$c20130630$lBLL01$h1630
=CAT  \\$aIPL-CLA$c20130701$lBLL01$h0116
=CAT  \\$aBATCH-CLA$b00$c20130702$lBLL01$h0201
=CAT  \\$aBATCH-CLA$b00$c20130929$lBLL01$h1618
=CAT  \\$aIPL-CLA$c20130930$lBLL01$h1757
=CAT  \\$aBATCH-CLA$b00$c20131202$lBLL01$h0331
=CAT  \\$aIPL-CLA$c20140101$lBLL01$h0042
=CAT  \\$aBATCH-CLA$b00$c20140327$lBLL01$h1829
=CAT  \\$aIPL-CLA$c20140331$lBLL01$h1633
=CAT  \\$aBATCH-UPD$b00$c20180620$lBLL01$h1624
=CAT  \\$aW2308-1659$c20230923$lBLL01$h1113
=CAT  \\$aBATCH-CLA$b00$c20230924$lBLL01$h0649
=CFI  0\$aBritish Library not licensed to copy$c0$e01-apr-2014$hC$iCFP Excluded$5Uk
=FIN  \\$aY$d20071114
=FMT  \\$a  BK
=LAS  \\$aBATCH-CLA$b00$c20230924$lBLL01$h0649
=SID  \\$aZ39$bOCLC
=TCO  \\$aTRS$bCCC$c008

