=LDR  03512cam a22006257a 4500
=001  014343031
=003  Uk
=005  20230924064925.0
=007  cr\mn|||||||||
=008  071101s2007\\\\maua\\\\\b\\\\000\0\eng\d
=035  \\$a(OCoLC)180194848
=040  \\$aIUL$cIUL$dGZM$dUk
=043  \\$an-us---
=100  1\$aAizer, Anna.
=245  10$aWages, violence and health in the household /$cAnna Aizer.
=260  \\$aCambridge, Mass. :$bNational Bureau of Economic Research,$cc2007.
=300  \\$a38, [16] p. :$bill. ;$c22 cm.
=336  \\$atext$2rdacontent
=337  \\$acomputer$2rdamedia
=338  \\$aonline resource$2rdacarrier
=490  1\$aNBER working paper series ;$vno. 13494
=500  \\$a"October 2007".
=504  \\$aIncludes bibliographical references (p. 33-35).
=520  \\$aThree quarters of all violence against women is perpetrated by domestic partners. I study both the economic causes and consequences of domestic violence. I find that decreases in the male-female wage gap reduce violence against women, consistent with a household bargaining model. The relationship between the wage gap and violence suggests that reductions in violence may provide an alternative explanation for the well-established finding that child health improves when mothers control a greater share of the household resources. Using instrumental variable and propsensity score techniques to control for selection into violent relationships, I find that violence against pregnant women negatively affects the health of their children at birth. This work sheds new light on the health production process as well as observed income gradients in health and suggests that in addition to addressing concerns of equity, pay parity can also improve the health of American women and children via reductions in violence.
=530  \\$aAlso available in PDF from the NBER world wide web site (www.nber.org).
=540  \\$aBritish Library not licensed to copy$c0$5Uk
=650  \0$aFamily violence$zUnited States$xEconometric models.
=650  \0$aFamily violence$xEconomic aspects$zUnited States.
=650  \0$aChildren$xHealth and hygiene$xEconomic aspects$zUnited States.
=710  2\$aNational Bureau of Economic Research.
=830  \0$aWorking paper series (National Bureau of Economic Research) ;$vworking paper no. 13494.
=852  41$aBritish Library$bDSC$j6067.719500$ino. 13494
=856  41$uhttp://www.nber.org/papers/W13494
=ACF  \\$aBritish Library not licensed to copy$c0$e01-oct-2013$hC$iCFP Excluded$5Uk
=CAT  \\$a8411$b40$c20071114$lBLL01$h1208
=CAT  \\$a8411$b40$c20071212$lBLL01$h1339
=CAT  \\$a8411$b40$c20071212$lBLL01$h1340
=CAT  \\$aBATCH-CLA$b00$c20130527$lBLL01$h0130
=CAT  \\$aBATCH-CLA$b00$c20130630$lBLL01$h1630
=CAT  \\$aIPL-CLA$c20130701$lBLL01$h0116
=CAT  \\$aBATCH-CLA$b00$c20130702$lBLL01$h0201
=CAT  \\$aBATCH-CLA$b00$c20130929$lBLL01$h1618
=CAT  \\$aIPL-CLA$c20130930$lBLL01$h1757
=CAT  \\$aBATCH-CLA$b00$c20131202$lBLL01$h0331
=CAT  \\$aIPL-CLA$c20140101$lBLL01$h0042
=CAT  \\$aBATCH-CLA$b00$c20140327$lBLL01$h1829
=CAT  \\$aIPL-CLA$c20140331$lBLL01$h1633
=CAT  \\$aW2308-1659$c20230923$lBLL01$h1113
=CAT  \\$aBATCH-CLA$b00$c20230924$lBLL01$h0649
=CFI  0\$aBritish Library not licensed to copy$c0$e01-apr-2014$hC$iCFP Excluded$5Uk
=FIN  \\$aY$d20071114
=FMT  \\$a  BK
=LAS  \\$aBATCH-CLA$b00$c20230924$lBLL01$h0649
=SID  \\$aZ39$bOCLC
=TCO  \\$aTRS$bCCC$c008

