=LDR  03791cam a2200649 a 4500
=001  014343117
=003  Uk
=005  20230924064925.0
=007  cr\mn|||||||||
=008  071101s2007\\\\mau\\\\\\b\\\\000\0\eng\d
=035  \\$a(OCoLC)180194858
=040  \\$aIUL$cIUL$dGZM$dUk
=043  \\$an-us---$ae-uk-en
=100  1\$aCase, Anne,$d1958-
=245  14$aThe income gradient in children's health :$ba comment on Currie, Shields and Wheatley Price /$cAnne Case, Diana Lee, Christina Paxson.
=260  \\$aCambridge, Mass. :$bNational Bureau of Economic Research,$cc2007.
=300  \\$a16, [1] p. ;$c22 cm.
=336  \\$atext$2rdacontent
=337  \\$acomputer$2rdamedia
=338  \\$aonline resource$2rdacarrier
=490  1\$aNBER working paper series ;$vno. 13495
=500  \\$a"October 2007".
=504  \\$aIncludes bibliographical references (p. 13).
=520  \\$aThis paper reexamines differences found between income gradients in American and English children's health, in results originally published by Case, Lubotsky and Paxson (2002) for the US, and by Currie, Shields and Wheatley Price (2007) for England. We find that, when the English sample is expanded by adding three years of data, and is compared to American data from the same time period, the income gradient in children's health increases with age by the same amount in the two countries. In addition, we find that Currie, Shields and Wheatley Price's measures of chronic conditions from the Health Survey of England were incorrectly coded. Using correctly coded data, we find that the effects of chronic conditions on health status are larger in the English sample than in the American sample, and that income plays a larger role in buffering children's health from the effects of chronic conditions in England. We find no evidence that the British National Health Service, with its focus on free services and equal access, prevents the association between health and income from becoming more pronounced as children grow older.
=530  \\$aAlso available in PDF from the NBER world wide web site (www.nber.org).
=540  \\$aBritish Library not licensed to copy$c0$5Uk
=650  \0$aChildren$xHealth and hygiene$xEconomic aspects$zUnited States.
=650  \0$aChildren$xHealth and hygiene$xEconomic aspects$zEngland.
=650  \0$aChronic diseases$xEconomic aspects$zUnited States.
=650  \0$aChronic diseases$xEconomic aspects$zEngland.
=700  1\$aLee, Diana.
=700  1\$aPaxson, Christina H.
=710  2\$aNational Bureau of Economic Research.
=830  \0$aWorking paper series (National Bureau of Economic Research) ;$vworking paper no. 13495.
=852  41$aBritish Library$bDSC$j6067.719500$ino. 13495
=856  41$uhttp://www.nber.org/papers/W13495
=ACF  \\$aBritish Library not licensed to copy$c0$e01-oct-2013$hC$iCFP Excluded$5Uk
=CAT  \\$a8411$b40$c20071114$lBLL01$h1313
=CAT  \\$a8411$b40$c20071212$lBLL01$h1341
=CAT  \\$aBATCH-CLA$b00$c20130527$lBLL01$h0130
=CAT  \\$aBATCH-CLA$b00$c20130630$lBLL01$h1630
=CAT  \\$aIPL-CLA$c20130701$lBLL01$h0116
=CAT  \\$aBATCH-CLA$b00$c20130702$lBLL01$h0201
=CAT  \\$aBATCH-CLA$b00$c20130929$lBLL01$h1618
=CAT  \\$aIPL-CLA$c20130930$lBLL01$h1757
=CAT  \\$aBATCH-CLA$b00$c20131202$lBLL01$h0331
=CAT  \\$aIPL-CLA$c20140101$lBLL01$h0042
=CAT  \\$aBATCH-CLA$b00$c20140327$lBLL01$h1829
=CAT  \\$aIPL-CLA$c20140331$lBLL01$h1633
=CAT  \\$aW2308-1659$c20230923$lBLL01$h1113
=CAT  \\$aBATCH-CLA$b00$c20230924$lBLL01$h0649
=CFI  0\$aBritish Library not licensed to copy$c0$e01-apr-2014$hC$iCFP Excluded$5Uk
=FIN  \\$aY$d20071114
=FMT  \\$a  BK
=LAS  \\$aBATCH-CLA$b00$c20230924$lBLL01$h0649
=SID  \\$aZ39$bOCLC
=TCO  \\$aTRS$bCCC$c008

