=LDR  03724cam a22006497a 4500
=001  014343123
=003  Uk
=005  20230924064925.0
=007  cr\mn|||||||||
=008  071102s2007\\\\maua\\\\\b\\\\000\0\eng\d
=035  \\$a(OCoLC)180209761
=040  \\$aIUL$cIUL$dGZM$dUk
=043  \\$ae-uk---$an-us---
=245  00$aHousing price volatility and downsizing in later life /$cJames Banks ... [et al.].
=260  \\$aCambridge, Mass. :$bNational Bureau of Economic Research,$cc2007.
=300  \\$a64 p. :$bill. ;$c22 cm.
=336  \\$atext$2rdacontent
=337  \\$acomputer$2rdamedia
=338  \\$aonline resource$2rdacarrier
=490  1\$aNBER working paper series ;$vno. 13496
=500  \\$a"October 2007".
=504  \\$aIncludes bibliographical references (p. 38-39).
=520  \\$aIn this paper, we modeled several types of housing transitions of the elderly in two countries -- Britain and the United States. One important form of these transitions involves downsizing of housing consumption, the importance of which among older households is still debated. This downsizing takes multiple forms, including reductions in the number of rooms per dwelling and the value of the home. There is also evidence that this downsizing is greater when house price volatility is greater and that American households try to escape housing price volatility by moving to places that are experience significantly less housing price volatility. Our comparative evidence in suggests that there is less evidence of downsizing in Britain. Our results indicate that housing consumption appears to decline with age in the US, even after controlling for the other demographic and work transitions associated with age that would normally produce such a decline. No such fall in housing consumption is found in Britain, largely because British households are much more likely to stay in their original residence.
=530  \\$aAlso available in PDF from the NBER World Wide Web site (www.nber.org).
=540  \\$aBritish Library not licensed to copy$c0$5Uk
=650  \0$aOlder people$xHousing$xEconomic aspects$zGreat Britain.
=650  \0$aOlder people$xHousing$xEconomic aspects$zUnited States.
=700  1\$aBanks, James$c(Economist)
=710  2\$aNational Bureau of Economic Research.
=830  \0$aWorking paper series (National Bureau of Economic Research) ;$vworking paper no. 13496.
=852  41$aBritish Library$bDSC$j6067.719500$ino. 13496
=856  41$uhttp://www.nber.org/papers/W13496
=ACF  \\$aBritish Library not licensed to copy$c0$e01-oct-2013$hC$iCFP Excluded$5Uk
=CAT  \\$a8411$b40$c20071114$lBLL01$h1321
=CAT  \\$a8411$b40$c20071212$lBLL01$h1342
=CAT  \\$a5100$b40$c20111222$lBLL01$h0855
=CAT  \\$a10743$b40$c20130131$lBLL01$h1214
=CAT  \\$a10743$b40$c20130131$lBLL01$h1215
=CAT  \\$aBATCH-UPD$b40$c20130131$lBLL01$h1215
=CAT  \\$aBATCH-CLA$b00$c20130527$lBLL01$h0130
=CAT  \\$aBATCH-CLA$b00$c20130630$lBLL01$h1630
=CAT  \\$aIPL-CLA$c20130701$lBLL01$h0116
=CAT  \\$aBATCH-CLA$b00$c20130702$lBLL01$h0201
=CAT  \\$aBATCH-CLA$b00$c20130929$lBLL01$h1618
=CAT  \\$aIPL-CLA$c20130930$lBLL01$h1757
=CAT  \\$aBATCH-CLA$b00$c20131202$lBLL01$h0331
=CAT  \\$aIPL-CLA$c20140101$lBLL01$h0042
=CAT  \\$aBATCH-CLA$b00$c20140327$lBLL01$h1829
=CAT  \\$aIPL-CLA$c20140331$lBLL01$h1633
=CAT  \\$aW2308-1659$c20230923$lBLL01$h1113
=CAT  \\$aBATCH-CLA$b00$c20230924$lBLL01$h0649
=CFI  0\$aBritish Library not licensed to copy$c0$e01-apr-2014$hC$iCFP Excluded$5Uk
=FIN  \\$aY$d20071114
=FMT  \\$a  BK
=LAS  \\$aBATCH-CLA$b00$c20230924$lBLL01$h0649
=SID  \\$aZ39$bOCLC
=TCO  \\$aTRS$bCCC$c008

