=LDR  03319cam a22006257a 4500
=001  014343132
=003  Uk
=005  20230924064926.0
=007  cr\mn|||||||||
=008  071102s2007\\\\mau\\\\\\b\\\\000\0\eng\d
=035  \\$a(OCoLC)180210323
=040  \\$aIUL$cIUL$dGZM$dUk
=100  1\$aCudmore, Edgar.
=245  10$aIncome tax design and the desirability of subsidies to secondary workers in a household model with joint and non-joint time /$cEdgar Cudmore, John Piggott, John Whalley.
=260  \\$aCambridge, Mass. :$bNational Bureau of Economic Research,$cc2007.
=300  \\$a13 p. ;$c22 cm.
=336  \\$atext$2rdacontent
=337  \\$acomputer$2rdamedia
=338  \\$aonline resource$2rdacarrier
=490  1\$aNBER working paper series ;$vno. 13503
=500  \\$a"October 2007".
=504  \\$aIncludes bibliographical references (p. 12-13).
=520  \\$aIn this paper we analyze income tax design in a two member household labor supply model where time spent on consumption together by the two household members is valued differently from time spent apart. We treat consumption as a non excludable public good to members of the household; one example would be where all household members or one alone can watch TV. When jointly consumed, however, TV services are valued more highly than the same consumption undertaken separately. We use this model to numerically investigate the welfare implications of different tax structures. In sharp contrast to existing literature, our results suggest the desirability of subsidizing secondary worker's labor supply. We also relate our discussion to existing individual-household tax unit literature.
=530  \\$aAlso available in PDF from the NBER World Wide Web site (www.nber.org).
=540  \\$aBritish Library not licensed to copy$c0$5Uk
=650  \0$aDual-career families$xTaxation$xEconometric models.
=650  \0$aIncome tax.
=700  1\$aPiggott, John$q(John R.).
=700  1\$aWhalley, John.
=710  2\$aNational Bureau of Economic Research.
=830  \0$aWorking paper series (National Bureau of Economic Research) ;$vworking paper no. 13503.
=852  41$aBritish Library$bDSC$j6067.719500$ino. 13503
=856  41$uhttp://www.nber.org/papers/W13503
=ACF  \\$aBritish Library not licensed to copy$c0$e01-oct-2013$hC$iCFP Excluded$5Uk
=CAT  \\$a8411$b40$c20071114$lBLL01$h1329
=CAT  \\$a8411$b40$c20071212$lBLL01$h1343
=CAT  \\$aBATCH-CLA$b00$c20130527$lBLL01$h0130
=CAT  \\$aBATCH-CLA$b00$c20130630$lBLL01$h1630
=CAT  \\$aIPL-CLA$c20130701$lBLL01$h0116
=CAT  \\$aBATCH-CLA$b00$c20130702$lBLL01$h0201
=CAT  \\$aBATCH-CLA$b00$c20130929$lBLL01$h1618
=CAT  \\$aIPL-CLA$c20130930$lBLL01$h1757
=CAT  \\$aBATCH-CLA$b00$c20131202$lBLL01$h0331
=CAT  \\$aIPL-CLA$c20140101$lBLL01$h0042
=CAT  \\$aBATCH-CLA$b00$c20140327$lBLL01$h1829
=CAT  \\$aIPL-CLA$c20140331$lBLL01$h1633
=CAT  \\$aBATCH-UPD$b00$c20170926$lBLL01$h1037
=CAT  \\$aW2308-1659$c20230923$lBLL01$h1113
=CAT  \\$aBATCH-CLA$b00$c20230924$lBLL01$h0649
=CFI  0\$aBritish Library not licensed to copy$c0$e01-apr-2014$hC$iCFP Excluded$5Uk
=FIN  \\$aY$d20071114
=FMT  \\$a  BK
=LAS  \\$aBATCH-CLA$b00$c20230924$lBLL01$h0649
=SID  \\$aZ39$bOCLC
=TCO  \\$aTRS$bCCC$c008

