=LDR  03619cam a22006617a 4500
=001  014343142
=003  Uk
=005  20230924064926.0
=007  cr\mn|||||||||
=008  071102s2007\\\\maua\\\\\b\\\\000\0\eng\d
=035  \\$a(OCoLC)180211545
=040  \\$aIUL$cIUL$dGZM$dUk
=100  1\$aHong, Harrison G.$q(Harrison Gregory)
=245  10$aAdvisors and asset prices :$ba model of the origins of bubbles /$cHarrison Hong, Jose A. Scheinkman, Wei Xiong.
=260  \\$aCambridge, Mass. :$bNational Bureau of Economic Research,$cc2007.
=300  \\$a46 p. :$bill. ;$c22 cm.
=336  \\$atext$2rdacontent
=337  \\$acomputer$2rdamedia
=338  \\$aonline resource$2rdacarrier
=490  1\$aNBER working paper series ;$vno. 13504
=500  \\$a"October 2007".
=504  \\$aIncludes bibliographical references (p. 45-46).
=520  \\$aWe develop a model of asset price bubbles based on the communication process between advisors and investors. Advisors are well-intentioned and want to maximize the welfare of their advisees (like a parent treats a child). But only some advisors understand the new technology (the tech-savvies); others do not and can only make a downward-biased recommendation (the old-fogies). While smart investors recognize the heterogeneity in advisors, naive ones mistakenly take whatever is said at face value. Tech-savvies inflate their forecasts to signal that they are not old-fogies, since more accurate information about their type improves the welfare of investors in the future. A bubble arises for a wide range of parameters, and its size is maximized when there is a mix of smart and naive investors in the economy. Our model suggests an alternative source for stock over-valuation in addition to investor overreaction to news and sell-side bias.
=530  \\$aAlso available in PDF from the NBER World Wide Web site (www.nber.org).
=540  \\$aBritish Library not licensed to copy$c0$5Uk
=650  \0$aStocks$xPrices$xEconometric models.
=650  \0$aInvestment advisors$xBehavior.
=700  1\$aScheinkman, José Alexandre.
=700  1\$aXiong, Wei,$d1975-
=710  2\$aNational Bureau of Economic Research.
=830  \0$aWorking paper series (National Bureau of Economic Research) ;$vworking paper no. 13504.
=852  41$aBritish Library$bDSC$j6067.719500$ino. 13504
=856  41$uhttp://www.nber.org/papers/W13504
=ACF  \\$aBritish Library not licensed to copy$c0$e01-oct-2013$hC$iCFP Excluded$5Uk
=CAT  \\$a8411$b40$c20071114$lBLL01$h1336
=CAT  \\$a8411$b40$c20071212$lBLL01$h1344
=CAT  \\$aBATCH-CLA$b00$c20130527$lBLL01$h0130
=CAT  \\$aBATCH-CLA$b00$c20130630$lBLL01$h1630
=CAT  \\$aIPL-CLA$c20130701$lBLL01$h0116
=CAT  \\$aBATCH-CLA$b00$c20130702$lBLL01$h0201
=CAT  \\$aBATCH-CLA$b00$c20130929$lBLL01$h1618
=CAT  \\$aIPL-CLA$c20130930$lBLL01$h1757
=CAT  \\$aBATCH-CLA$b00$c20131202$lBLL01$h0331
=CAT  \\$aIPL-CLA$c20140101$lBLL01$h0042
=CAT  \\$aBATCH-CLA$b00$c20140327$lBLL01$h1829
=CAT  \\$aIPL-CLA$c20140331$lBLL01$h1633
=CAT  \\$aBATCH-UPD$b00$c20211217$lBLL01$h2058
=CAT  \\$aBATCH-CLA$b00$c20211218$lBLL01$h0138
=CAT  \\$aBATCH-UPD$b00$c20230818$lBLL01$h2058
=CAT  \\$aBATCH-CLA$b00$c20230819$lBLL01$h0103
=CAT  \\$aW2308-1659$c20230923$lBLL01$h1113
=CAT  \\$aBATCH-CLA$b00$c20230924$lBLL01$h0649
=CFI  0\$aBritish Library not licensed to copy$c0$e01-apr-2014$hC$iCFP Excluded$5Uk
=FIN  \\$aY$d20071114
=FMT  \\$a  BK
=LAS  \\$aBATCH-CLA$b00$c20230924$lBLL01$h0649
=SID  \\$aZ39$bOCLC
=TCO  \\$aTRS$bCCC$c008

