=LDR  03160cam a22006017a 4500
=001  014343183
=003  Uk
=005  20230924064926.0
=007  cr\mn|||||||||
=008  071102s2007\\\\maua\\\\\b\\\\000\0\eng\d
=035  \\$a(OCoLC)180212646
=040  \\$aIUL$cIUL$dGZM$dUk
=100  1\$aMansur, Erin.
=245  14$aThe value of scarce water :$bmeasuring the inefficiency of municipal regulations /$cErin T. Mansur, Sheila M. Olmstead.
=260  \\$aCambridge, Mass. :$bNational Bureau of Economic Research,$cc2007.
=300  \\$a45 p. :$bill. ;$c22 cm.
=336  \\$atext$2rdacontent
=337  \\$acomputer$2rdamedia
=338  \\$aonline resource$2rdacarrier
=490  1\$aNBER working paper series ;$vno. 13513
=500  \\$a"October 2007".
=504  \\$aIncludes bibliographical references (p. 32-35).
=520  \\$aRather than allowing water prices to reflect scarcity rents during periods of drought-induced excess demand, policy makers have mandated command-and-control approaches, like the curtailment of certain uses, primarily outdoor watering. Using unique panel data on residential end-uses of water, we examine the welfare implications of typical drought policies. Using price variation across and within markets, we identify end-use specific price elasticities. Our results suggest that current policies target water uses that households, themselves, are most willing to forgo. Nevertheless, we find that use restrictions have costly welfare implications, primarily due to household heterogeneity in willingness-to-pay for scarce water.
=530  \\$aAlso available in PDF from the NBER World Wide Web site (www.nber.org).
=540  \\$aBritish Library not licensed to copy$c0$5Uk
=650  \0$aWater consumption$xGovernment policy$xEconomic aspects.
=650  \0$aWater consumption$xEconometric models.
=700  1\$aOlmstead, Sheila M.
=710  2\$aNational Bureau of Economic Research.
=830  \0$aWorking paper series (National Bureau of Economic Research) ;$vworking paper no. 13513.
=852  41$aBritish Library$bDSC$j6067.719500$ino. 13513
=856  41$uhttp://www.nber.org/papers/W13513
=ACF  \\$aBritish Library not licensed to copy$c0$e01-oct-2013$hC$iCFP Excluded$5Uk
=CAT  \\$a8411$b40$c20071114$lBLL01$h1358
=CAT  \\$a8411$b40$c20071212$lBLL01$h1347
=CAT  \\$aBATCH-CLA$b00$c20130527$lBLL01$h0130
=CAT  \\$aBATCH-CLA$b00$c20130630$lBLL01$h1630
=CAT  \\$aIPL-CLA$c20130701$lBLL01$h0116
=CAT  \\$aBATCH-CLA$b00$c20130702$lBLL01$h0201
=CAT  \\$aBATCH-CLA$b00$c20130929$lBLL01$h1618
=CAT  \\$aIPL-CLA$c20130930$lBLL01$h1757
=CAT  \\$aBATCH-CLA$b00$c20131202$lBLL01$h0331
=CAT  \\$aIPL-CLA$c20140101$lBLL01$h0042
=CAT  \\$aBATCH-CLA$b00$c20140327$lBLL01$h1829
=CAT  \\$aIPL-CLA$c20140331$lBLL01$h1633
=CAT  \\$aW2308-1659$c20230923$lBLL01$h1113
=CAT  \\$aBATCH-CLA$b00$c20230924$lBLL01$h0649
=CFI  0\$aBritish Library not licensed to copy$c0$e01-apr-2014$hC$iCFP Excluded$5Uk
=FIN  \\$aY$d20071114
=FMT  \\$a  BK
=LAS  \\$aBATCH-CLA$b00$c20230924$lBLL01$h0649
=SID  \\$aZ39$bOCLC
=TCO  \\$aTRS$bCCC$c008

