=LDR  03006cam a22006017a 4500
=001  014343996
=003  Uk
=005  20230924064926.0
=007  cr\mn|||||||||
=008  071102s2007\\\\maua\\\\\b\\\\000\0\eng\d
=035  \\$a(OCoLC)180213209
=040  \\$aIUL$cIUL$dGZM$dUk
=100  1\$aJacob, Brian A.
=245  14$aThe effect of grade retention on high school completion /$cBrian Jacob, Lars Lefgren.
=260  \\$aCambridge, Mass. :$bNational Bureau of Economic Research,$cc2007.
=300  \\$a53 p. :$bill. ;$c22 cm.
=336  \\$atext$2rdacontent
=337  \\$acomputer$2rdamedia
=338  \\$aonline resource$2rdacarrier
=490  1\$aNBER working paper series ;$vno. 13514
=500  \\$a"October 2007"
=504  \\$aIncludes bibliographical references (p. 30-31).
=520  \\$aLow-achieving students in many school districts are retained in a grade in order to allow them to gain the academic or social skills that teachers believe are necessary to succeed academically. This practice is highly controversial, with many researchers claiming that it leads to higher dropout rates although selection issues have complicated previous analyses. In this paper, we use a regression discontinuity design to examine the impact of grade retention on high school completion. We find that grade retention leads to a modest increase in the probability of dropping out for older students, but has no significant effect on younger students.
=530  \\$aAlso available in PDF from the NBER World Wide Web site (www.nber.org).
=540  \\$aBritish Library not licensed to copy$c0$5Uk
=650  \0$aGrade repetition.
=650  \0$aDropouts$xPrevention$xEconometric models.
=700  1\$aLefgren, Lars.
=710  2\$aNational Bureau of Economic Research.
=830  \0$aWorking paper series (National Bureau of Economic Research) ;$vworking paper no. 13514.
=852  41$aBritish Library$bDSC$j6067.719500$ino. 13514
=856  41$uhttp://www.nber.org/papers/W13514
=ACF  \\$aBritish Library not licensed to copy$c0$e01-oct-2013$hC$iCFP Excluded$5Uk
=CAT  \\$a7164$b40$c20071115$lBLL01$h1349
=CAT  \\$a9081$b40$c20110303$lBLL01$h1049
=CAT  \\$aBATCH-CLA$b00$c20130527$lBLL01$h0130
=CAT  \\$aBATCH-CLA$b00$c20130630$lBLL01$h1630
=CAT  \\$aIPL-CLA$c20130701$lBLL01$h0116
=CAT  \\$aBATCH-CLA$b00$c20130702$lBLL01$h0201
=CAT  \\$aBATCH-CLA$b00$c20130929$lBLL01$h1618
=CAT  \\$aIPL-CLA$c20130930$lBLL01$h1757
=CAT  \\$aBATCH-CLA$b00$c20131202$lBLL01$h0331
=CAT  \\$aIPL-CLA$c20140101$lBLL01$h0042
=CAT  \\$aBATCH-CLA$b00$c20140327$lBLL01$h1829
=CAT  \\$aIPL-CLA$c20140331$lBLL01$h1633
=CAT  \\$aW2308-1659$c20230923$lBLL01$h1113
=CAT  \\$aBATCH-CLA$b00$c20230924$lBLL01$h0649
=CFI  0\$aBritish Library not licensed to copy$c0$e01-apr-2014$hC$iCFP Excluded$5Uk
=FIN  \\$aY$d20071115
=FMT  \\$a  BK
=LAS  \\$aBATCH-CLA$b00$c20230924$lBLL01$h0649
=SID  \\$aZ39$bOCLC
=TCO  \\$aTRS$bCCC$c008

