=LDR  03081cam a22005897a 4500
=001  014344029
=003  Uk
=005  20230924064926.0
=007  cr\mn|||||||||
=008  071102s2007\\\\mauab\\\\b\\\\000\0\eng\d
=035  \\$a(OCoLC)180212124
=040  \\$aIUL$cIUL$dGZM$dUk
=043  \\$an-us---
=100  1\$aHolland, Stephen P.
=245  10$aIs real-time pricing green? :$bthe environmental impacts of electricity demand variance /$cStephen P. Holland, Erin T. Mansur.
=260  \\$aCambridge, Mass. :$bNational Bureau of Economic Research,$cc2007.
=300  \\$a45 p. :$bill., map ;$c22 cm.
=336  \\$atext$2rdacontent
=337  \\$acomputer$2rdamedia
=338  \\$aonline resource$2rdacarrier
=490  1\$aNBER working paper series ;$vno. 13508
=500  \\$a"October 2007"
=504  \\$aIncludes bibliographical references (p. 18-22).
=520  \\$aReal-time pricing (RTP) of electricity would improve allocative efficiency and limit wholesalers' market power. Conventional wisdom claims that RTP provides additional environmental benefits. This paper argues that RTP will reduce the variance, both within- and across-days, in the quantity of electricity demanded. We estimate the short-run impacts of this reduction on SO2, NOx, and CO2 emissions. Reducing variance decreases emissions in regions where peak demand is met more by oil-fired capacity than by hydropower, such as the Mid-Atlantic. However, reducing variance increases emissions in more US regions, namely those with more hydropower like the West. The effects are relatively small.
=530  \\$aAlso available in PDF from the NBER World Wide Web site (www.nber.org).
=540  \\$aBritish Library not licensed to copy$c0$5Uk
=650  \0$aElectricity$xPrices$xEnvironmental aspects$zUnited States$xEconometric models.
=700  1\$aMansur, Erin.
=710  2\$aNational Bureau of Economic Research.
=830  \0$aWorking paper series (National Bureau of Economic Research) ;$vworking paper no. 13508.
=852  41$aBritish Library$bDSC$j6067.719500$ino. 13508
=856  41$uhttp://www.nber.org/papers/W13508
=ACF  \\$aBritish Library not licensed to copy$c0$e01-oct-2013$hC$iCFP Excluded$5Uk
=CAT  \\$a7164$b40$c20071115$lBLL01$h1406
=CAT  \\$aBATCH-CLA$b00$c20130527$lBLL01$h0130
=CAT  \\$aBATCH-CLA$b00$c20130630$lBLL01$h1630
=CAT  \\$aIPL-CLA$c20130701$lBLL01$h0116
=CAT  \\$aBATCH-CLA$b00$c20130702$lBLL01$h0201
=CAT  \\$aBATCH-CLA$b00$c20130929$lBLL01$h1618
=CAT  \\$aIPL-CLA$c20130930$lBLL01$h1757
=CAT  \\$aBATCH-CLA$b00$c20131202$lBLL01$h0331
=CAT  \\$aIPL-CLA$c20140101$lBLL01$h0042
=CAT  \\$aBATCH-CLA$b00$c20140327$lBLL01$h1829
=CAT  \\$aIPL-CLA$c20140331$lBLL01$h1633
=CAT  \\$aW2308-1659$c20230923$lBLL01$h1113
=CAT  \\$aBATCH-CLA$b00$c20230924$lBLL01$h0649
=CFI  0\$aBritish Library not licensed to copy$c0$e01-apr-2014$hC$iCFP Excluded$5Uk
=FIN  \\$aY$d20071115
=FMT  \\$a  BK
=LAS  \\$aBATCH-CLA$b00$c20230924$lBLL01$h0649
=SID  \\$aZ39$bOCLC
=TCO  \\$aTRS$bCCC$c008

