=LDR  03433 am a22005897a 4500
=001  014344079
=003  Uk
=005  20071121132304.0
=008  071116s2007\\\\maua\\\\\b\\\\000\0\eng\d
=035  \\$a(OCoLC)181374590
=040  \\$aIUL$cIUL$dGZM$dUk
=043  \\$an-us---
=100  1\$aMansur, Erin.
=245  10$aPrices vs. quantities :$benvironmental regulation and imperfect competition /$cErin T. Mansur.
=260  \\$aCambridge, Mass. :$bNational Bureau of Economic Research,$cc2007.
=300  \\$a36, ii p. :$bill. ;$c22 cm.
=336  \\$atext$2rdacontent
=337  \\$aunmediated$2rdamedia
=338  \\$avolume$2rdacarrier
=490  1\$aNBER working paper series ;$vno. 13510
=500  \\$a"October 2007."
=504  \\$aIncludes bibliographical references (p. 29-31).
=520  \\$aIn a market subject to environmental regulation, a firm's strategic behavior affects the production and emissions decisions of all firms. If firms are regulated by a Pigouvian tax, changing emissions will not affect the marginal cost of polluting. However, under a tradable permits system, the polluters' decisions affect the permit price. This paper shows that this feedback effect may increase a strategic firm's output. Relative to a tax, tradable permits improve welfare in a market with imperfect competition. As an application, I model strategic and competitive behavior of wholesalers in the Pennsylvania, New Jersey, and Maryland electricity market. Simulations suggest that exercising market power decreased local pollution by approximately nine percent, and therefore, substantially reduced the price of the region's pollution permits. Furthermore, I find that had regulators opted to use a tax instead of permits, the deadweight loss from imperfect competition would have been approximately seven percent greater.
=530  \\$aAlso available in PDF from the NBER world wide web site (www.nber.org).
=540  \\$aBritish Library not licensed to copy$c0$5Uk
=650  \0$aEnvironmental policy$xEconomic aspects$zUnited States$xEconometric models.
=650  \0$aPollution$xEconometric models.
=710  2\$aNational Bureau of Economic Research.
=830  \0$aWorking paper series (National Bureau of Economic Research) ;$vworking paper no. 13510.
=852  41$aBritish Library$bDSC$j6067.719500$ino. 13510
=856  41$uhttp://www.nber.org/papers/W13510
=ACF  \\$aBritish Library not licensed to copy$c0$e01-oct-2013$hC$iCFP Excluded$5Uk
=CAT  \\$a7164$b40$c20071115$lBLL01$h1429
=CAT  \\$a11317$b40$c20071121$lBLL01$h1322
=CAT  \\$a11317$b40$c20071121$lBLL01$h1323
=CAT  \\$aBATCH-CLA$b00$c20130527$lBLL01$h0130
=CAT  \\$aBATCH-CLA$b00$c20130630$lBLL01$h1630
=CAT  \\$aIPL-CLA$c20130701$lBLL01$h0116
=CAT  \\$aBATCH-CLA$b00$c20130702$lBLL01$h0201
=CAT  \\$aBATCH-CLA$b00$c20130929$lBLL01$h1618
=CAT  \\$aIPL-CLA$c20130930$lBLL01$h1757
=CAT  \\$aBATCH-CLA$b00$c20131202$lBLL01$h0331
=CAT  \\$aIPL-CLA$c20140101$lBLL01$h0042
=CAT  \\$aBATCH-CLA$b00$c20140327$lBLL01$h1829
=CAT  \\$aIPL-CLA$c20140331$lBLL01$h1633
=CFI  0\$aBritish Library not licensed to copy$c0$e01-apr-2014$hC$iCFP Excluded$5Uk
=CFI  2\$aBritish Library not licensed to copy$c0$e01-jan-2014$hC$iCFP Excluded$5Uk
=FIN  \\$aY$d20071121
=FMT  \\$a  BK
=LAS  \\$aIPL-CLA$b00$c20140331$lBLL01$h1633
=SID  \\$aZ39$bOCLC
=TCO  \\$aTRS$bCCC$c008

