=LDR  03091cam a22006017a 4500
=001  014344138
=003  Uk
=005  20230924064926.0
=008  071113s2007\\\\mau\\\\\\b\\\\000\0\eng\d
=035  \\$a(OCoLC)181100402
=040  \\$aGZM$cGZM$dUk
=100  1\$aBroner, Fernando.
=245  10$aEnforcement problems and secondary markets /$cFernando A. Broner, Alberto Martin, Jaume Ventura.
=260  \\$aCambridge, Mass. :$bNational Bureau of Economic Research,$cc2007.
=300  \\$a11 p. ;$c22 cm.
=336  \\$atext$2rdacontent
=337  \\$aunmediated$2rdamedia
=338  \\$avolume$2rdacarrier
=490  1\$aNBER working paper series ;$vno. 13559
=500  \\$a"October 2007"
=504  \\$aIncludes bibliographical references (p. 11).
=520  \\$aThere is a large and growing literature that studies the effects of weak enforcement institutions on economic performance. This literature has focused almost exclusively on primary markets, in which assets are issued and traded to improve the allocation of investment and consumption. The general conclusion is that weak enforcement institutions impair the workings of these markets, giving rise to various inefficiencies. But weak enforcement institutions also create incentives to develop secondary markets, in which the assets issued in primary markets are retraded. This paper shows that trading in secondary markets counteracts the effects of weak enforcement institutions and, in the absence of further frictions, restores efficiency.
=530  \\$aAlso available in PDF from the NBER World Wide Web site (www.nber.org).
=540  \\$aBritish Library not licensed to copy$c0$5Uk
=650  \0$aSecondary markets.
=650  \0$aCommerce$xEconometric models.
=700  1\$aMartin, Alberto,$d1974-
=700  1\$aVentura, Jaume.
=710  2\$aNational Bureau of Economic Research.
=830  \0$aWorking paper series (National Bureau of Economic Research) ;$vworking paper no. 13559.
=852  41$aBritish Library$bDSC$j6067.719500$ino. 13559
=856  41$uhttp://www.nber.org/papers/W13559
=ACF  \\$aBritish Library not licensed to copy$c0$e01-oct-2013$hC$iCFP Excluded$5Uk
=CAT  \\$a7164$b40$c20071115$lBLL01$h1516
=CAT  \\$a11317$b40$c20071121$lBLL01$h1153
=CAT  \\$aBATCH-CLA$b00$c20130527$lBLL01$h0130
=CAT  \\$aBATCH-CLA$b00$c20130630$lBLL01$h1630
=CAT  \\$aIPL-CLA$c20130701$lBLL01$h0116
=CAT  \\$aBATCH-CLA$b00$c20130702$lBLL01$h0201
=CAT  \\$aBATCH-CLA$b00$c20130929$lBLL01$h1618
=CAT  \\$aIPL-CLA$c20130930$lBLL01$h1757
=CAT  \\$aBATCH-CLA$b00$c20131202$lBLL01$h0331
=CAT  \\$aIPL-CLA$c20140101$lBLL01$h0042
=CAT  \\$aBATCH-CLA$b00$c20140327$lBLL01$h1829
=CAT  \\$aIPL-CLA$c20140331$lBLL01$h1633
=CAT  \\$aW2308-1659$c20230923$lBLL01$h1113
=CAT  \\$aBATCH-CLA$b00$c20230924$lBLL01$h0649
=CFI  0\$aBritish Library not licensed to copy$c0$e01-apr-2014$hC$iCFP Excluded$5Uk
=FIN  \\$aY$d20071121
=FMT  \\$a  BK
=LAS  \\$aBATCH-CLA$b00$c20230924$lBLL01$h0649
=SID  \\$aZ39$bOCLC
=TCO  \\$aTRS$bCCC$c008

