=LDR  04277cam a22006257a 4500
=001  014374283
=003  Uk
=005  20230924064926.0
=007  cr\mn|||||||||
=008  071105s2007\\\\maua\\\\\b\\\\000\0\eng\d
=035  \\$a(OCoLC)180705580
=040  \\$aIUL$cIUL$dGZM$dUk
=043  \\$an-us---
=100  1\$aBelley, Philippe.
=245  14$aThe changing role of family income and ability in determining educational achievement /$cPhilippe Belley, Lance Lochner.
=260  \\$aCambridge, Mass. :$bNational Bureau of Economic Research,$cc2007.
=300  \\$a38, [28) p. :$bill. ;$c22 cm.
=336  \\$atext$2rdacontent
=337  \\$acomputer$2rdamedia
=338  \\$aonline resource$2rdacarrier
=490  1\$aNBER working paper series ;$vno. 13527
=500  \\$a"October 2007"
=504  \\$aIncludes bibliographical references (p. 33-35).
=520  \\$aThis paper uses data from the 1979 and 1997 National Longitudinal Survey of Youth cohorts (NLSY79 and NLSY97) to estimate changes in the effects of ability and family income on educational attainment for youth in their late teens during the early 1980s and early 2000s. Cognitive ability plays an important role in determining educational outcomes for both NLSY cohorts, while family income plays little role in determining high school completion in either cohort. Most interestingly, we document a dramatic increase in the effects of family income on college attendance (particularly among the least able) from the NLSY79 to the NLSY97. Family income has also become a much more important determinant of college 'quality' and hours/weeks worked during the academic year (the latter among the most able) in the NLSY97. Family income has little effect on college delay in either sample. To interpret our empirical findings on college attendance, we develop an educational choice model that incorporates both borrowing constraints and a 'consumption' value of schooling - two of the most commonly invoked explanations for a positive family income - schooling relationship. Without borrowing constraints, the model cannot explain the rising effects of family income on college attendance in response to the sharply rising costs and returns to college experienced from the early 1980s to early 2000s: the incentives created by a 'consumption' value of schooling imply that income should have become less important over time (or even negatively related to attendance). Instead, the data are more broadly consistent with the hypothesis that more youth are borrowing constrained today than were in the early 1980s.
=530  \\$aAlso available in PDF from the NBER world wide web site (www.nber.org).
=540  \\$aBritish Library not licensed to copy$c0$5Uk
=650  \0$aAcademic achievement$zUnited States$xEconometric models.
=650  \0$aCollege attendance$zUnited States$xEconometric models.
=650  \0$aAcademic achievement$xEconomic aspects$zUnited States.
=650  \0$aCollege attendance$xEconomic aspects$zUnited States.
=700  1\$aLochner, Lance.
=710  2\$aNational Bureau of Economic Research.
=830  \0$aWorking paper series (National Bureau of Economic Research) ;$vworking paper no. 13527.
=852  41$aBritish Library$bDSC$j6067.719500$ino. 13527
=856  41$uhttp://www.nber.org/papers/W13527
=ACF  \\$aBritish Library not licensed to copy$c0$e01-oct-2013$hC$iCFP Excluded$5Uk
=CAT  \\$a10775$b40$c20071116$lBLL01$h0721
=CAT  \\$aBATCH-CLA$b00$c20130527$lBLL01$h0130
=CAT  \\$aBATCH-CLA$b00$c20130630$lBLL01$h1630
=CAT  \\$aIPL-CLA$c20130701$lBLL01$h0116
=CAT  \\$aBATCH-CLA$b00$c20130702$lBLL01$h0201
=CAT  \\$aBATCH-CLA$b00$c20130929$lBLL01$h1618
=CAT  \\$aIPL-CLA$c20130930$lBLL01$h1757
=CAT  \\$aBATCH-CLA$b00$c20131202$lBLL01$h0331
=CAT  \\$aIPL-CLA$c20140101$lBLL01$h0043
=CAT  \\$aBATCH-CLA$b00$c20140327$lBLL01$h1829
=CAT  \\$aIPL-CLA$c20140331$lBLL01$h1633
=CAT  \\$aW2308-1659$c20230923$lBLL01$h1113
=CAT  \\$aBATCH-CLA$b00$c20230924$lBLL01$h0649
=CFI  0\$aBritish Library not licensed to copy$c0$e01-apr-2014$hC$iCFP Excluded$5Uk
=FIN  \\$aY$d20071116
=FMT  \\$a  BK
=LAS  \\$aBATCH-CLA$b00$c20230924$lBLL01$h0649
=SID  \\$aZ39$bOCLC
=TCO  \\$aTRS$bCCC$c008

