=LDR  03702cam a22006017a 4500
=001  014374287
=003  Uk
=005  20230924064926.0
=007  cr\mn|||||||||
=008  071112s2007\\\\maua\\\\\b\\\\000\0\eng\d
=035  \\$a(OCoLC)181086382
=040  \\$aIUL$cIUL$dGZM$dUk
=100  1\$aCorsetti, Giancarlo.
=245  10$aOptimal monetary policy and the sources of local-currency price stability /$cGiancarlo Corsetti, Luca Dedola, Sylvain Leduc.
=260  \\$aCambridge, Mass. :$bNational Bureau of Economic Research,$cc2007.
=300  \\$a53, [2] p. :$bill. ;$c22 cm.
=336  \\$atext$2rdacontent
=337  \\$acomputer$2rdamedia
=338  \\$aonline resource$2rdacarrier
=490  1\$aNBER working paper series ;$vno. 13544
=500  \\$a"October 2007"
=504  \\$aIncludes bibliographical references (p. 47-50).
=520  \\$aWe analyze the policy trade-offs generated by local currency price stability of imports in economies where upstream producers strategically interact with downstream firms selling the final goods to consumers. We study the effects of staggered price setting at the downstream level on the optimal price (and markup) chosen by upstream producers and show that downstream price movements affect the desired markup of upstream producers, magnifying their price response to shocks. We revisit the international dimensions of optimal monetary policy, unveiling an argument in favor of consumer price stability as the main prescription for monetary policy. Since stable consumer prices feed back into a low volatility of markups among upstream producers, this contains inefficient deviations from the law of one price at the border. However, efficient stabilization of different CPI components will not generally result into perfect stabilization of headline inflation. National policies optimally respond to the same shocks in a similar way, thus containing volatility of the terms of trade, but not necessarily of the real exchange rate. The latter will be more volatile, among other things, the larger the home bias in expenditure and the content of local inputs in consumer goods.
=530  \\$aAlso available in PDF from the NBER world wide web site (www.nber.org).
=540  \\$aBritish Library not licensed to copy$c0$5Uk
=650  \0$aMonetary policy$xEconometric models.
=650  \0$aForeign exchange rates$xEconometric models.
=700  1\$aDedola, Luca,$d1967-
=700  1\$aLeduc, Sylvain,$d1969-
=710  2\$aNational Bureau of Economic Research.
=830  \0$aWorking paper series (National Bureau of Economic Research) ;$vworking paper no. 13544.
=852  41$aBritish Library$bDSC$j6067.719500$ino. 13544
=856  41$uhttp://www.nber.org/papers/W13544
=ACF  \\$aBritish Library not licensed to copy$c0$e01-oct-2013$hC$iCFP Excluded$5Uk
=CAT  \\$a10775$b40$c20071116$lBLL01$h0738
=CAT  \\$aBATCH-CLA$b00$c20130527$lBLL01$h0130
=CAT  \\$aBATCH-CLA$b00$c20130630$lBLL01$h1630
=CAT  \\$aIPL-CLA$c20130701$lBLL01$h0116
=CAT  \\$aBATCH-CLA$b00$c20130702$lBLL01$h0201
=CAT  \\$aBATCH-CLA$b00$c20130929$lBLL01$h1618
=CAT  \\$aIPL-CLA$c20130930$lBLL01$h1757
=CAT  \\$aBATCH-CLA$b00$c20131202$lBLL01$h0331
=CAT  \\$aIPL-CLA$c20140101$lBLL01$h0043
=CAT  \\$aBATCH-CLA$b00$c20140327$lBLL01$h1829
=CAT  \\$aIPL-CLA$c20140331$lBLL01$h1633
=CAT  \\$aW2308-1659$c20230923$lBLL01$h1113
=CAT  \\$aBATCH-CLA$b00$c20230924$lBLL01$h0649
=CFI  0\$aBritish Library not licensed to copy$c0$e01-apr-2014$hC$iCFP Excluded$5Uk
=FIN  \\$aY$d20071116
=FMT  \\$a  BK
=LAS  \\$aBATCH-CLA$b00$c20230924$lBLL01$h0649
=SID  \\$aZ39$bOCLC
=TCO  \\$aTRS$bCCC$c008

