=LDR  03742cam a2200649 a 4500
=001  014374288
=003  Uk
=005  20230924064926.0
=007  cr\mn|||||||||
=008  071109s2007\\\\maua\\\\\b\\\\000\0\eng\d
=035  \\$a(OCoLC)181027786
=040  \\$aUPM$cUPM$dGZM$dUk
=043  \\$an-us---
=050  14$aHB1$b. W654 no. 13554
=100  10$aHassett, Kevin A.
=245  14$aThe incidence of a U.S. carbon tax :$ba lifetime and regional analysis /$cKevin A. Hassett, Aparna Mathur, Gilbert E. Metcalf.
=246  3\$aIncidence of a United States carbon tax
=260  \\$aCambridge, Mass. :$bNational Bureau of Economic Research,$cc2007.
=300  \\$a40 p. :$bill. ;$c22 cm.
=336  \\$atext$2rdacontent
=337  \\$acomputer$2rdamedia
=338  \\$aonline resource$2rdacarrier
=490  1\$aNBER working paper series ;$vworking paper no. 13554
=500  \\$a"October 2007."
=504  \\$aIncludes bibliographical references (p. 17-20).
=520  \\$aThis paper measures the direct and indirect incidence of a carbon tax using current income and two measures of lifetime income to rank households. Our two measures of lifetime income are current consumption and adjusted or "lifetime" consumption. The use of the adjusted lifetime measure for consumption is intended to correct for long-run predictable swings in behavior. Our results suggest that in general, carbon taxes appear to be more regressive when income is used as a measure of economic welfare, than when consumption (current or lifetime) is used to measure incidence. Further, the direct component of the tax, in any given year, is significantly more regressive than the indirect component. In fact, for 1987, the indirect component of the tax is actually mildly progressive, as the higher deciles tend to pay a larger fraction of their consumption in carbon taxes. Finally we observe a shift over time with the direct component of carbon taxes becoming larger in relation to the indirect component. These effects have mostly offset each other, and the overall distribution of the total tax burden has not changed much over time.
=530  \\$aAlso available in PDF from the NBER World Wide Web site (www.nber.org).
=540  \\$aBritish Library not licensed to copy$c0$5Uk
=650  \0$aCarbon taxes$zUnited States$xEconometric models.
=700  1\$aMathur, Aparna.
=700  1\$aMetcalf, Gilbert E.
=710  2\$aNational Bureau of Economic Research.
=830  \0$aWorking paper series (National Bureau of Economic Research) ;$vworking paper no. 13554.
=852  41$aBritish Library$bDSC$j6067.719500$ino. 13544
=856  41$uhttp://www.nber.org/papers/W13554
=ACF  \\$aBritish Library not licensed to copy$c0$e01-oct-2013$hC$iCFP Excluded$5Uk
=CAT  \\$a10775$b40$c20071116$lBLL01$h0744
=CAT  \\$aBATCH-CLA$b00$c20130527$lBLL01$h0130
=CAT  \\$aBATCH-CLA$b00$c20130630$lBLL01$h1630
=CAT  \\$aIPL-CLA$c20130701$lBLL01$h0116
=CAT  \\$aBATCH-CLA$b00$c20130702$lBLL01$h0201
=CAT  \\$aBATCH-CLA$b00$c20130929$lBLL01$h1618
=CAT  \\$aIPL-CLA$c20130930$lBLL01$h1757
=CAT  \\$aBATCH-CLA$b00$c20131202$lBLL01$h0331
=CAT  \\$aIPL-CLA$c20140101$lBLL01$h0043
=CAT  \\$aBATCH-CLA$b00$c20140327$lBLL01$h1829
=CAT  \\$aIPL-CLA$c20140331$lBLL01$h1633
=CAT  \\$aBATCH-UPD$b00$c20180916$lBLL01$h2047
=CAT  \\$aBATCH-CLA$b00$c20180917$lBLL01$h0102
=CAT  \\$aW2308-1659$c20230923$lBLL01$h1113
=CAT  \\$aBATCH-CLA$b00$c20230924$lBLL01$h0649
=CFI  0\$aBritish Library not licensed to copy$c0$e01-apr-2014$hC$iCFP Excluded$5Uk
=FIN  \\$aY$d20071116
=FMT  \\$a  BK
=LAS  \\$aBATCH-CLA$b00$c20230924$lBLL01$h0649
=SID  \\$aZ39$bOCLC
=TCO  \\$aTRS$bCCC$c008

