=LDR  02915cam a22005657a 4500
=001  014374292
=003  Uk
=005  20230924064926.0
=007  cr\mn|||||||||
=008  071112s2007\\\\mau\\\\\\b\\\\000\0\eng\d
=035  \\$a(OCoLC)181086460
=040  \\$aIUL$cIUL$dGZM$dUk
=100  1\$aMishkin, Frederic S.
=245  10$aWill monetary policy become more of a science? /$cFrederic S. Mishkin.
=260  \\$aCambridge, Mass. :$bNational Bureau of Economic Research,$cc2007.
=300  \\$a41 p. ;$c22 cm.
=336  \\$atext$2rdacontent
=337  \\$acomputer$2rdamedia
=338  \\$aonline resource$2rdacarrier
=490  1\$aNBER working paper series ;$vno. 13566
=500  \\$a"October 2007"
=504  \\$aIncludes bibliographical references (p. 32-41).
=520  \\$aThis paper reviews the progress that the science of monetary policy has made over recent decades. This progress has significantly expanded the degree to which the practice of monetary policy reflects the application of a core set of "scientific principles". However, there remains, and will likely always remain, elements of art in the conduct of monetary policy: in other words, substantial judgment will always be needed to achieve desirable outcomes on both the inflation and employment fronts. However, as case studies discussed here suggest, even through art will always be a key element in the conduct of monetary policy, the more it is informed by good science, the more successful monetary policy will be.
=530  \\$aAlso available in PDF from the NBER world wide web site (www.nber.org).
=540  \\$aBritish Library not licensed to copy$c0$5Uk
=650  \0$aMonetary policy.
=710  2\$aNational Bureau of Economic Research.
=830  \0$aWorking paper series (National Bureau of Economic Research) ;$vworking paper no. 13566.
=852  41$aBritish Library$bDSC$j6067.719500$ino. 13566
=856  41$uhttp://www.nber.org/papers/W13566
=ACF  \\$aBritish Library not licensed to copy$c0$e01-oct-2013$hC$iCFP Excluded$5Uk
=CAT  \\$a10775$b40$c20071116$lBLL01$h0754
=CAT  \\$aBATCH-CLA$b00$c20130527$lBLL01$h0130
=CAT  \\$aBATCH-CLA$b00$c20130630$lBLL01$h1630
=CAT  \\$aIPL-CLA$c20130701$lBLL01$h0116
=CAT  \\$aBATCH-CLA$b00$c20130702$lBLL01$h0201
=CAT  \\$aBATCH-CLA$b00$c20130929$lBLL01$h1618
=CAT  \\$aIPL-CLA$c20130930$lBLL01$h1757
=CAT  \\$aBATCH-CLA$b00$c20131202$lBLL01$h0331
=CAT  \\$aIPL-CLA$c20140101$lBLL01$h0043
=CAT  \\$aBATCH-CLA$b00$c20140327$lBLL01$h1829
=CAT  \\$aIPL-CLA$c20140331$lBLL01$h1633
=CAT  \\$aW2308-1659$c20230923$lBLL01$h1113
=CAT  \\$aBATCH-CLA$b00$c20230924$lBLL01$h0649
=CFI  0\$aBritish Library not licensed to copy$c0$e01-apr-2014$hC$iCFP Excluded$5Uk
=FIN  \\$aY$d20071116
=FMT  \\$a  BK
=LAS  \\$aBATCH-CLA$b00$c20230924$lBLL01$h0649
=SID  \\$aZ39$bOCLC
=TCO  \\$aTRS$bCCC$c008

