=LDR  03428cam a22006017a 4500
=001  014405734
=003  Uk
=005  20230924064926.0
=007  cr\mn|||||||||
=008  071101s2007\\\\mau\\\\\\b\\\\000\0\eng\d
=035  \\$a(OCoLC)180194840
=040  \\$aIUL$cIUL$dGZM$dUk
=100  10$aWeitzman, Martin L.,$d1942-
=245  10$aStructural uncertainty and the value of statistical life in the economics of catastrophic climate change /$cMartin Weitzman.
=260  \\$aCambridge, Mass. :$bNational Bureau of Economic Research,$cc2007.
=300  \\$a34 p. ;$c22 cm.
=336  \\$atext$2rdacontent
=337  \\$acomputer$2rdamedia
=338  \\$aonline resource$2rdacarrier
=490  1\$aNBER working paper series ;$vno. 13490
=500  \\$a"October 2007"
=504  \\$aIncludes bibliographical references (p. 32-34).
=520  \\$aUsing climate change as a prototype motivating example, this paper analyzes the implications of structural uncertainty for the economics of low-probability high-impact catastrophes. The paper shows that having an uncertain multiplicative parameter, which scales or amplifies exogenous shocks and is updated by Bayesian learning, induces a critical "tail fattening" of posterior-predictive distributions. These fattened tails can have strong implications for situations (like climate change) where a catastrophe is theoretically possible because prior knowledge cannot place sufficiently narrow bounds on overall damages. The essence of the problem is the difficulty of learning extreme-impact tail behavior from finite data alone. At least potentially, the influence on cost-benefit analysis of fat-tailed uncertainty about the scale of damages -- coupled with a high value of statistical life -- can outweigh the influence of discounting or anything else.
=530  \\$aAlso available in PDF from the NBER world wide web site (www.nber.org).
=540  \\$aBritish Library not licensed to copy$c0$5Uk
=650  \0$aClimatic changes$xEconomic aspects$xEconometric models.
=650  \0$aDisasters$xEconomic aspects$xEconometric models.
=650  \0$aLife$xValuation$xEconometric models.
=710  2\$aNational Bureau of Economic Research.
=830  \0$aWorking paper series (National Bureau of Economic Research) ;$vworking paper no. 13490.
=852  41$aBritish Library$bDSC$j6067.719500$ino. 13490
=856  41$uhttp://www.nber.org/papers/W13490
=ACF  \\$aBritish Library not licensed to copy$c0$e01-oct-2013$hC$iCFP Excluded$5Uk
=CAT  \\$a9504$b40$c20071119$lBLL01$h1327
=CAT  \\$aBATCH-CLA$b00$c20130527$lBLL01$h0130
=CAT  \\$aBATCH-CLA$b00$c20130630$lBLL01$h1630
=CAT  \\$aIPL-CLA$c20130701$lBLL01$h0117
=CAT  \\$aBATCH-CLA$b00$c20130702$lBLL01$h0201
=CAT  \\$aBATCH-CLA$b00$c20130929$lBLL01$h1618
=CAT  \\$aIPL-CLA$c20130930$lBLL01$h1757
=CAT  \\$aBATCH-CLA$b00$c20131202$lBLL01$h0331
=CAT  \\$aIPL-CLA$c20140101$lBLL01$h0044
=CAT  \\$aBATCH-CLA$b00$c20140327$lBLL01$h1829
=CAT  \\$aIPL-CLA$c20140331$lBLL01$h1633
=CAT  \\$aBATCH-UPD$b00$c20150513$lBLL01$h1805
=CAT  \\$aW2308-1659$c20230923$lBLL01$h1114
=CAT  \\$aBATCH-CLA$b00$c20230924$lBLL01$h0649
=CFI  0\$aBritish Library not licensed to copy$c0$e01-apr-2014$hC$iCFP Excluded$5Uk
=FIN  \\$aY$d20071119
=FMT  \\$a  BK
=LAS  \\$aBATCH-CLA$b00$c20230924$lBLL01$h0649
=SID  \\$aZ39$bOCLC
=TCO  \\$aTRS$bCCC$c008

