=LDR  04258cam a22006017a 4500
=001  014409338
=003  Uk
=005  20230924064926.0
=007  cr\mn|||||||||
=008  071116s2007\\\\maua\\\\\b\\\\000\0\eng\d
=035  \\$a(OCoLC)181374965
=040  \\$aIUL$cIUL$dGZM$dUk
=100  1\$aNiederle, Muriel.
=245  14$aThe effects of a centralized clearinghouse on job placement, wages, and hiring practices /$cMuriel Niederle, Alvin E. Roth.
=260  \\$aCambridge, Mass. :$bNational Bureau of Economic Research,$cc2007.
=300  \\$a42 p. :$bill. ;$c22 cm.
=336  \\$atext$2rdacontent
=337  \\$acomputer$2rdamedia
=338  \\$aonline resource$2rdacarrier
=490  1\$aNBER working paper series ;$vno. 13529
=500  \\$a"October 2007".
=504  \\$aIncludes bibliographical references (p. 40-42).
=520  \\$aNew gastroenterologists participated in a labor market clearinghouse (a "match") from 1986 through the late 1990's, after which the match was abandoned. This provides an opportunity to study the effects of a match, by observing the differences in the outcomes and organization of the market when a match was operating, and when it was not. After the GI match ended, programs hired fellows earlier each year, eventually almost a year earlier than when the match was operating. It became customary for GI program directors to make very short offers, rarely exceeding two weeks and often much shorter. Consequently many potential fellows had to accept positions before they finished their planned interviews, and most programs experienced cancellations of interviews they had scheduled. Furthermore, without a match, many programs hired more local fellows, and fewer from other hospitals and cities than they did during the match. Wages, however, seem not to have been affected. To restart the match, we proposed a policy, subsequently adopted by the gastroenterology professional organizations, that even if applicants had accepted offers prior to the match, they could subsequently decline those offers and participate in the match. This made it safe for programs to delay hiring until the match, confident that programs that did not participate would not be able to "capture" the most desirable candidates beforehand. Consequently it appears that most programs waited for the match in an orderly way in 2006, when the GI match was reinstated. The market for gastroenterologists provides a case study of market failures, the way a centralized clearinghouse can fix them, and the effects on market outcomes. In the conclusion we discuss aspects of the experience of the gastroenterology labor market that seem to generalize fairly widely.
=530  \\$aAlso available in PDF from the NBER world wide web site (www.nber.org).
=540  \\$aBritish Library not licensed to copy$c0$5Uk
=650  \0$aGastroenterologists$xVocational guidance.
=650  \0$aGastroenterologists$xEmployment$xEconomic aspects.
=650  \0$aLabor market.
=700  1\$aRoth, Alvin E.,$d1951-
=710  2\$aNational Bureau of Economic Research.
=830  \0$aWorking paper series (National Bureau of Economic Research) ;$vworking paper no. 13529.
=852  41$aBritish Library$bDSC$j6067.719500$ino. 13529
=856  41$uhttp://www.nber.org/papers/W13529
=ACF  \\$aBritish Library not licensed to copy$c0$e01-oct-2013$hC$iCFP Excluded$5Uk
=CAT  \\$a10775$b40$c20071122$lBLL01$h0922
=CAT  \\$aBATCH-CLA$b00$c20130527$lBLL01$h0130
=CAT  \\$aBATCH-CLA$b00$c20130630$lBLL01$h1630
=CAT  \\$aIPL-CLA$c20130701$lBLL01$h0117
=CAT  \\$aBATCH-CLA$b00$c20130702$lBLL01$h0201
=CAT  \\$aBATCH-CLA$b00$c20130929$lBLL01$h1618
=CAT  \\$aIPL-CLA$c20130930$lBLL01$h1757
=CAT  \\$aBATCH-CLA$b00$c20131202$lBLL01$h0331
=CAT  \\$aIPL-CLA$c20140101$lBLL01$h0044
=CAT  \\$aBATCH-CLA$b00$c20140327$lBLL01$h1829
=CAT  \\$aIPL-CLA$c20140331$lBLL01$h1633
=CAT  \\$aW2308-1659$c20230923$lBLL01$h1114
=CAT  \\$aBATCH-CLA$b00$c20230924$lBLL01$h0649
=CFI  0\$aBritish Library not licensed to copy$c0$e01-apr-2014$hC$iCFP Excluded$5Uk
=FIN  \\$aY$d20071122
=FMT  \\$a  BK
=LAS  \\$aBATCH-CLA$b00$c20230924$lBLL01$h0649
=SID  \\$aZ39$bOCLC
=TCO  \\$aTRS$bCCC$c008

