=LDR  03430cam a22005777a 4500
=001  014409345
=003  Uk
=005  20230924064927.0
=007  cr\mn|||||||||
=008  071116s2007\\\\maua\\\\\b\\\\000\0\eng\d
=035  \\$a(OCoLC)181375202
=040  \\$aIUL$cIUL$dGZM$dUk
=043  \\$as-ck---
=245  00$aExport dynamics in Colombia :$bfirm-level evidence /$cJonathan Eaton ... [et al.].
=260  \\$aCambridge, Mass. :$bNational Bureau of Economic Research,$cc2007.
=300  \\$a29, [16] p. :$bill. ;$c22 cm.
=336  \\$atext$2rdacontent
=337  \\$acomputer$2rdamedia
=338  \\$aonline resource$2rdacarrier
=490  1\$aNBER working paper series ;$vno. 13531
=500  \\$a"October 2007".
=504  \\$aIncludes bibliographical references (p. 27-29).
=520  \\$aUsing transactions-level customs data from Colombia, we study firm-specific export patterns over the period 1996-2005. Our data allow us to track firms' entry and exit into and out of individual destination markets, as well as their revenues from selling there. We find that, in a typical year, nearly half of all Colombian exporters were not exporters in the previous year. These new exporters tend to be extremely small in terms of their overall contribution to export revenues, and most do not continue exporting in the following year. Hence export sales are dominated by a small number of very large and stable exporters. Nonetheless, out of each cohort of new exporters, a fraction of firms go on to expand their foreign sales very rapidly, and over the period of less than a decade, these successful new exporters account for almost half of total export expansion. Finally, we find that new exporters begin in a single foreign market and, if they survive, gradually expand into additional destinations. The geographic expansion paths they follow, and their likelihood of survival as exporters, depend on their initial destination market.
=530  \\$aAlso available in PDF from the NBER world wide web site (www.nber.org).
=540  \\$aBritish Library not licensed to copy$c0$5Uk
=650  \0$aExport marketing$zColombia$xEconometric models.
=700  1\$aEaton, Jonathan,$d1950-
=710  2\$aNational Bureau of Economic Research.
=830  \0$aWorking paper series (National Bureau of Economic Research) ;$vworking paper no. 13531.
=852  41$aBritish Library$bDSC$j6067.719500$ino. 13531
=856  41$uhttp://www.nber.org/papers/W13531
=ACF  \\$aBritish Library not licensed to copy$c0$e01-oct-2013$hC$iCFP Excluded$5Uk
=CAT  \\$a10775$b40$c20071122$lBLL01$h0927
=CAT  \\$aBATCH-CLA$b00$c20130527$lBLL01$h0130
=CAT  \\$aBATCH-CLA$b00$c20130630$lBLL01$h1630
=CAT  \\$aIPL-CLA$c20130701$lBLL01$h0117
=CAT  \\$aBATCH-CLA$b00$c20130702$lBLL01$h0201
=CAT  \\$aBATCH-CLA$b00$c20130929$lBLL01$h1618
=CAT  \\$aIPL-CLA$c20130930$lBLL01$h1757
=CAT  \\$aBATCH-CLA$b00$c20131202$lBLL01$h0331
=CAT  \\$aIPL-CLA$c20140101$lBLL01$h0044
=CAT  \\$aBATCH-CLA$b00$c20140327$lBLL01$h1829
=CAT  \\$aIPL-CLA$c20140331$lBLL01$h1633
=CAT  \\$aW2308-1659$c20230923$lBLL01$h1114
=CAT  \\$aBATCH-CLA$b00$c20230924$lBLL01$h0649
=CFI  0\$aBritish Library not licensed to copy$c0$e01-apr-2014$hC$iCFP Excluded$5Uk
=FIN  \\$aY$d20071122
=FMT  \\$a  BK
=LAS  \\$aBATCH-CLA$b00$c20230924$lBLL01$h0649
=SID  \\$aZ39$bOCLC
=TCO  \\$aTRS$bCCC$c008

