=LDR  03395cam a22006137a 4500
=001  014409349
=003  Uk
=005  20230924064927.0
=007  cr\mn|||||||||
=008  071116s2007\\\\maua\\\\\b\\\\000\0\eng\d
=035  \\$a(OCoLC)181375244
=040  \\$aIUL$cIUL$dGZM$dUk
=043  \\$an-us---$ae------
=245  00$aLabor market status and transitions during the pre-retirement years :$blearning from international differences /$cArie Kapteyn ... [et al.].
=260  \\$aCambridge, Mass. :$bNational Bureau of Economic Research,$cc2007.
=300  \\$a47 p. :$bill. ;$c22 cm.
=336  \\$atext$2rdacontent
=337  \\$acomputer$2rdamedia
=338  \\$aonline resource$2rdacarrier
=490  1\$aNBER working paper series ;$vno. 13536
=500  \\$a"October 2007".
=504  \\$aIncludes bibliographical references (p. 19-20).
=520  \\$aMany western industrialized countries face strong budgetary pressures due to the aging of the baby boom generations and the general trends toward earlier ages of retirement. We use the American PSID and the European Community Household Panel (ECHP) to explain differences in prevalence and dynamics of self-reported work disability and labor force status. To that end we specify a two-equation dynamic panel data model describing the dynamics of labor force status and self-reported work disability. When we apply the U.S. parameters to the equations for the thirteen European countries we consider, the result is generally that work disability is lower and employment is higher. Furthermore, measures of employment protection across the different countries suggest that increased employment protection reduces reentry into the labor force and hence is a major factor explaining employment differences in the pre-retirement years.
=530  \\$aAlso available in PDF from the NBER world wide web site (www.nber.org).
=540  \\$aBritish Library not licensed to copy$c0$5Uk
=650  \0$aOlder people$xEmployment$zUnited States.
=650  \0$aOlder people$xEmployment$zEurope.
=650  \0$aLabor market$zUnited States.
=650  \0$aLabor market$zEurope.
=700  1\$aKapteyn, Arie.
=710  2\$aNational Bureau of Economic Research.
=830  \0$aWorking paper series (National Bureau of Economic Research) ;$vworking paper no. 13536.
=852  41$aBritish Library$bDSC$j6067.719500$ino. 13536
=856  41$uhttp://www.nber.org/papers/W13536
=ACF  \\$aBritish Library not licensed to copy$c0$e01-oct-2013$hC$iCFP Excluded$5Uk
=CAT  \\$a10775$b40$c20071122$lBLL01$h0930
=CAT  \\$aBATCH-CLA$b00$c20130527$lBLL01$h0130
=CAT  \\$aBATCH-CLA$b00$c20130630$lBLL01$h1630
=CAT  \\$aIPL-CLA$c20130701$lBLL01$h0117
=CAT  \\$aBATCH-CLA$b00$c20130702$lBLL01$h0201
=CAT  \\$aBATCH-CLA$b00$c20130929$lBLL01$h1618
=CAT  \\$aIPL-CLA$c20130930$lBLL01$h1757
=CAT  \\$aBATCH-CLA$b00$c20131202$lBLL01$h0331
=CAT  \\$aIPL-CLA$c20140101$lBLL01$h0044
=CAT  \\$aBATCH-CLA$b00$c20140327$lBLL01$h1829
=CAT  \\$aIPL-CLA$c20140331$lBLL01$h1633
=CAT  \\$aW2308-1659$c20230923$lBLL01$h1114
=CAT  \\$aBATCH-CLA$b00$c20230924$lBLL01$h0649
=CFI  0\$aBritish Library not licensed to copy$c0$e01-apr-2014$hC$iCFP Excluded$5Uk
=FIN  \\$aY$d20071122
=FMT  \\$a  BK
=LAS  \\$aBATCH-CLA$b00$c20230924$lBLL01$h0649
=SID  \\$aZ39$bOCLC
=TCO  \\$aTRS$bCCC$c008

