=LDR  03365cam a22005777a 4500
=001  014409351
=003  Uk
=005  20230924064927.0
=007  cr\mn|||||||||
=008  071120s2007\\\\maua\\\\\b\\\\000\0\eng\d
=035  \\$a(OCoLC)181655367
=040  \\$aGZM$cGZM$dUk
=100  1\$aBrown, Jeffrey R.$q(Jeffrey Robert),$d1968-
=245  10$aRational and behavioral perspectives on the role of annuities in retirement planning /$cJeffrey R. Brown.
=260  \\$aCambridge, Mass. :$bNational Bureau of Economic Research,$cc2007.
=300  \\$a35 p. :$bill. ;$c22 cm.
=336  \\$atext$2rdacontent
=337  \\$acomputer$2rdamedia
=338  \\$aonline resource$2rdacarrier
=490  1\$aNBER working paper series ;$vno. 13537
=500  \\$a"October 2007".
=504  \\$aIncludes bibliographical references (p. 32-34).
=520  \\$aThis paper discusses the role of annuities in retirement planning. It begins by explaining the basic theory underlying the individual welfare gains available from annuitizing resources in retirement. It then contrasts these findings with the empirical findings that so few consumers behave in a manner that is consistent with them placing a high value on annuities. After reviewing the strengths and weaknesses of the large literature that seeks to reconcile these findings through richer extensions of the basic model, this paper turns to a somewhat more speculative discussion of potential behavioral stories that may be limiting demand. Overall, the paper argues that while further extensions to the rational consumer model of annuity demand are useful for helping to clarify under what conditions annuitization is welfare-enhancing, at least part of the answer to why consumers are so reluctant to annuitize will likely be found through a more rigorous study of the various psychological biases that individuals bring to the annuity decision.
=530  \\$aAlso available in PDF from the NBER World Wide Web site (www.nber.org).
=540  \\$aBritish Library not licensed to copy$c0$5Uk
=650  \0$aAnnuities.
=650  \0$aRetirement$xPlanning$xPsychological aspects.
=710  2\$aNational Bureau of Economic Research.
=830  \0$aWorking paper series (National Bureau of Economic Research) ;$vworking paper no. 13537.
=852  41$aBritish Library$bDSC$j6067.719500$ino. 13537
=856  41$uhttp://www.nber.org/papers/W13537
=ACF  \\$aBritish Library not licensed to copy$c0$e01-oct-2013$hC$iCFP Excluded$5Uk
=CAT  \\$a10775$b40$c20071122$lBLL01$h0933
=CAT  \\$aBATCH-CLA$b00$c20130527$lBLL01$h0130
=CAT  \\$aBATCH-CLA$b00$c20130630$lBLL01$h1630
=CAT  \\$aIPL-CLA$c20130701$lBLL01$h0117
=CAT  \\$aBATCH-CLA$b00$c20130702$lBLL01$h0201
=CAT  \\$aBATCH-CLA$b00$c20130929$lBLL01$h1618
=CAT  \\$aIPL-CLA$c20130930$lBLL01$h1757
=CAT  \\$aBATCH-CLA$b00$c20131202$lBLL01$h0331
=CAT  \\$aIPL-CLA$c20140101$lBLL01$h0044
=CAT  \\$aBATCH-CLA$b00$c20140327$lBLL01$h1829
=CAT  \\$aIPL-CLA$c20140331$lBLL01$h1633
=CAT  \\$aW2308-1659$c20230923$lBLL01$h1114
=CAT  \\$aBATCH-CLA$b00$c20230924$lBLL01$h0649
=CFI  0\$aBritish Library not licensed to copy$c0$e01-apr-2014$hC$iCFP Excluded$5Uk
=FIN  \\$aY$d20071122
=FMT  \\$a  BK
=LAS  \\$aBATCH-CLA$b00$c20230924$lBLL01$h0649
=SID  \\$aZ39$bOCLC
=TCO  \\$aTRS$bCCC$c008

