=LDR  03489cam a22005897a 4500
=001  014463542
=003  Uk
=005  20230924064927.0
=007  cr\mn|||||||||
=008  071120s2007\\\\maua\\\\\b\\\\000\0\eng\d
=035  \\$a(OCoLC)181657966
=040  \\$aIUL$cIUL$dGZM$dUk
=100  1\$aChien, YiLi.
=245  12$aA multiplier approach to understanding the macro implications of household finance /$cYiLi Chien, Harold Cole, Hanno Lustig.
=260  \\$aCambridge, Mass. :$bNational Bureau of Economic Research,$cc2007.
=300  \\$a56 p. :$bill. ;$c22 cm.
=336  \\$atext$2rdacontent
=337  \\$acomputer$2rdamedia
=338  \\$aonline resource$2rdacarrier
=490  1\$aNBER working paper series ;$vno. 13555
=500  \\$a"October 2007"
=504  \\$aIncludes bibliographical references (p. 42-44).
=520  \\$aOur paper examines the impact of heterogeneous investment opportunities on the distribution of asset shares and wealth in an equilibrium model. We develop a new method for computing equilibria in this class of economies. This method relies on an optimal consumption sharing rule and an aggregation result for state prices that allows us to solve for equilibrium prices and allocations without having to search for market-clearing prices in each asset market. In a calibrated version of our model, we show that the heterogeneity in trading opportunities allows for a closer match of the wealth and asset share distribution as well as the moments of asset prices. We distinguish between "passive" traders who hold fixed portfolios of equity and bonds, and "active" traders who adjust their portfolios to changes in the investment opportunity set. In the presence of non-participants, the fraction of total wealth held by active traders is critical for asset prices, because only these traders respond to variation in state prices and hence help to clear the market, not the fraction of wealth held by all agents that participate in asset markets.
=530  \\$aAlso available in PDF from the NBER world wide web site (www.nber.org).
=540  \\$aBritish Library not licensed to copy$c0$5Uk
=650  \0$aInvestments$xEconometric models.
=700  1\$aCole, Harold Linh,$d1957-
=700  1\$aLustig, Hanno.
=710  2\$aNational Bureau of Economic Research.
=830  \0$aWorking paper series (National Bureau of Economic Research) ;$vworking paper no. 13555.
=852  41$aBritish Library$bDSC$j6067.719500$ino. 13555
=856  41$uhttp://www.nber.org/papers/W13555
=ACF  \\$aBritish Library not licensed to copy$c0$e01-oct-2013$hC$iCFP Excluded$5Uk
=CAT  \\$a10775$b40$c20071204$lBLL01$h1542
=CAT  \\$aBATCH-CLA$b00$c20130527$lBLL01$h0130
=CAT  \\$aBATCH-CLA$b00$c20130630$lBLL01$h1630
=CAT  \\$aIPL-CLA$c20130701$lBLL01$h0117
=CAT  \\$aBATCH-CLA$b00$c20130702$lBLL01$h0202
=CAT  \\$aBATCH-CLA$b00$c20130929$lBLL01$h1618
=CAT  \\$aIPL-CLA$c20130930$lBLL01$h1757
=CAT  \\$aBATCH-CLA$b00$c20131202$lBLL01$h0331
=CAT  \\$aIPL-CLA$c20140101$lBLL01$h0045
=CAT  \\$aBATCH-CLA$b00$c20140327$lBLL01$h1829
=CAT  \\$aIPL-CLA$c20140331$lBLL01$h1633
=CAT  \\$aW2308-1659$c20230923$lBLL01$h1115
=CAT  \\$aBATCH-CLA$b00$c20230924$lBLL01$h0649
=CFI  0\$aBritish Library not licensed to copy$c0$e01-apr-2014$hC$iCFP Excluded$5Uk
=FIN  \\$aY$d20071204
=FMT  \\$a  BK
=LAS  \\$aBATCH-CLA$b00$c20230924$lBLL01$h0649
=SID  \\$aZ39$bOCLC
=TCO  \\$aTRS$bCCC$c008

