=LDR  03116cam a22005897a 4500
=001  014463553
=003  Uk
=005  20230924064927.0
=007  cr\mn|||||||||
=008  071120s2007\\\\maua\\\\\b\\\\000\0\eng\d
=035  \\$a(OCoLC)181658357
=040  \\$aIUL$cIUL$dGZM$dUk
=100  1\$aOlmstead, Sheila M.
=245  10$aWater demand under alternative price structures /$cSheila Olmstead, W. Michael Hanemann, Robert N. Stavins.
=260  \\$aCambridge, Mass. :$bNational Bureau of Economic Research,$cc2007.
=300  \\$a41 p. :$bill. ;$c22 cm.
=336  \\$atext$2rdacontent
=337  \\$acomputer$2rdamedia
=338  \\$aonline resource$2rdacarrier
=490  1\$aNBER working paper series ;$vno. 13573
=500  \\$a"November 2007"
=504  \\$aIncludes bibliographical references (p. 32-35).
=520  \\$aWe estimate the price elasticity of water demand with household-level data, structurally modeling the piecewise-linear budget constraints imposed by increasing-block pricing. We develop a mathematical expression for the unconditional price elasticity of demand under increasing-block prices and compare conditional and unconditional elasticities analytically and empirically. We test the hypothesis that price elasticity may depend on price structure, beyond technical differences in elasticity concepts. Due to the possibility of endogenous utility price structure choice, observed differences in elasticity across price structures may be due either to a behavioral response to price structure, or to underlying heterogeneity among water utility service areas.
=530  \\$aAlso available in PDF from the NBER world wide web site (www.nber.org).
=540  \\$aBritish Library not licensed to copy$c0$5Uk
=650  \0$aWater$xPrices$xEconometric models.
=700  1\$aHanemann, W. Michael.
=700  1\$aStavins, R. N.$q(Robert N.),$d1948-
=710  2\$aNational Bureau of Economic Research.
=830  \0$aWorking paper series (National Bureau of Economic Research) ;$vworking paper no. 13573.
=852  41$aBritish Library$bDSC$j6067.719500$ino. 13573
=856  41$uhttp://www.nber.org/papers/W13573
=ACF  \\$aBritish Library not licensed to copy$c0$e01-oct-2013$hC$iCFP Excluded$5Uk
=CAT  \\$a10775$b40$c20071204$lBLL01$h1549
=CAT  \\$aBATCH-CLA$b00$c20130527$lBLL01$h0130
=CAT  \\$aBATCH-CLA$b00$c20130630$lBLL01$h1630
=CAT  \\$aIPL-CLA$c20130701$lBLL01$h0117
=CAT  \\$aBATCH-CLA$b00$c20130702$lBLL01$h0202
=CAT  \\$aBATCH-CLA$b00$c20130929$lBLL01$h1618
=CAT  \\$aIPL-CLA$c20130930$lBLL01$h1757
=CAT  \\$aBATCH-CLA$b00$c20131202$lBLL01$h0331
=CAT  \\$aIPL-CLA$c20140101$lBLL01$h0045
=CAT  \\$aBATCH-CLA$b00$c20140327$lBLL01$h1829
=CAT  \\$aIPL-CLA$c20140331$lBLL01$h1633
=CAT  \\$aW2308-1659$c20230923$lBLL01$h1115
=CAT  \\$aBATCH-CLA$b00$c20230924$lBLL01$h0649
=CFI  0\$aBritish Library not licensed to copy$c0$e01-apr-2014$hC$iCFP Excluded$5Uk
=FIN  \\$aY$d20071204
=FMT  \\$a  BK
=LAS  \\$aBATCH-CLA$b00$c20230924$lBLL01$h0649
=SID  \\$aZ39$bOCLC
=TCO  \\$aTRS$bCCC$c008

