=LDR  02959cam a22005777a 4500
=001  014463561
=003  Uk
=005  20230924064927.0
=007  cr\mn|||||||||
=008  071120s2007\\\\maua\\\\\b\\\\000\0\eng\d
=035  \\$a(OCoLC)181658964
=040  \\$aIUL$cIUL$dGZM$dUk
=245  00$aFertility, female labor force participation, and the demographic dividend /$cDavid E. Bloom ... [et al.]
=260  \\$aCambridge, Mass. :$bNational Bureau of Economic Research,$cc2007.
=300  \\$a41 p. :$bill. ;$c22 cm.
=336  \\$atext$2rdacontent
=337  \\$acomputer$2rdamedia
=338  \\$aonline resource$2rdacarrier
=490  1\$aNBER working paper series ;$vno. 13583
=500  \\$a"November 2007"
=504  \\$aIncludes bibliographical references (p. 23-25).
=520  \\$aWe estimate the effect of fertility on female labor force participation in a cross-country panel data set using abortion legislation as an instrument for fertility. We find a large negative effect of the fertility rate on female labor force participation. The direct effect is concentrated among those aged 20₆39, but we find that cohort participation is persistent over time giving an effect among older women. We present a simulation model of the effect of fertility reduction on income per capita, taking into account these changes in female labor force participation as well as population numbers and age structure.
=530  \\$aAlso available in PDF from the NBER world wide web site (www.nber.org).
=540  \\$aBritish Library not licensed to copy$c0$5Uk
=650  \0$aFertility, Human$xEconomic aspects.
=650  \0$aWomen$xEmployment$xEconometric models.
=700  1\$aBloom, David E.$q(David Elliot),$d1955-
=710  2\$aNational Bureau of Economic Research.
=830  \0$aWorking paper series (National Bureau of Economic Research) ;$vworking paper no. 13583.
=852  41$aBritish Library$bDSC$j6067.719500$ino. 13583
=856  41$uhttp://www.nber.org/papers/W13583
=ACF  \\$aBritish Library not licensed to copy$c0$e01-oct-2013$hC$iCFP Excluded$5Uk
=CAT  \\$a10775$b40$c20071204$lBLL01$h1552
=CAT  \\$aBATCH-CLA$b00$c20130527$lBLL01$h0130
=CAT  \\$aBATCH-CLA$b00$c20130630$lBLL01$h1630
=CAT  \\$aIPL-CLA$c20130701$lBLL01$h0117
=CAT  \\$aBATCH-CLA$b00$c20130702$lBLL01$h0202
=CAT  \\$aBATCH-CLA$b00$c20130929$lBLL01$h1618
=CAT  \\$aIPL-CLA$c20130930$lBLL01$h1757
=CAT  \\$aBATCH-CLA$b00$c20131202$lBLL01$h0331
=CAT  \\$aIPL-CLA$c20140101$lBLL01$h0045
=CAT  \\$aBATCH-CLA$b00$c20140327$lBLL01$h1829
=CAT  \\$aIPL-CLA$c20140331$lBLL01$h1633
=CAT  \\$aW2308-1659$c20230923$lBLL01$h1115
=CAT  \\$aBATCH-CLA$b00$c20230924$lBLL01$h0649
=CFI  0\$aBritish Library not licensed to copy$c0$e01-apr-2014$hC$iCFP Excluded$5Uk
=FIN  \\$aY$d20071204
=FMT  \\$a  BK
=LAS  \\$aBATCH-CLA$b00$c20230924$lBLL01$h0649
=SID  \\$aZ39$bOCLC
=TCO  \\$aTRS$bCCC$c008

