=LDR  03368cam a22006137a 4500
=001  014465806
=003  Uk
=005  20230924064927.0
=007  cr\mn|||||||||
=008  071109s2007\\\\maua\\\\\b\\\\000\0\eng\d
=035  \\$a(OCoLC)181027451
=040  \\$aIUL$cIUL$dGZM$dUk
=042  \\$aukblderived
=100  1\$aMilanović, Branko.
=245  10$aMeasuring ancient inequality /$cBranko Milanovic, Peter H. Lindert, Jeffrey G. Williamson.
=260  \\$aCambridge, Mass. :$bNational Bureau of Economic Research,$cc2007.
=300  \\$a86 p. :$bill. ;$c22 cm.
=336  \\$atext$2rdacontent
=337  \\$acomputer$2rdamedia
=338  \\$aonline resource$2rdacarrier
=490  1\$aNBER working paper series ;$vno. 13550
=500  \\$a"October 2007".
=504  \\$aIncludes bibliographical references.
=520  \\$aIs inequality largely the result of the Industrial Revolution? Or, were pre-industrial incomes and life expectancies as unequal as they are today? For want of sufficient data, these questions have not yet been answered. This paper infers inequality for 14 ancient, pre-industrial societies using what are known as social tables, stretching from the Roman Empire 14 AD, to Byzantium in 1000, to England in 1688, to Nueva Espąa around 1790, to China in 1880 and to British India in 1947. It applies two new concepts in making those assessments -- what we call the inequality possibility frontier and the inequality extraction ratio. Rather than simply offering measures of actual inequality, we compare the latter with the maximum feasible inequality (or surplus) that could have been extracted by the elite. The results, especially when compared with modern poor countries, give new insights in to the connection between inequality and economic development in the very long run.
=530  \\$aAlso available in PDF from the NBER world wide web site (www.nber.org).
=540  \\$aBritish Library not licensed to copy$c0$5Uk
=650  \0$aIncome distribution$xHistory.
=700  1\$aLindert, Peter H.
=700  1\$aWilliamson, Jeffrey G.,$d1935-
=710  2\$aNational Bureau of Economic Research.
=830  \0$aWorking paper series (National Bureau of Economic Research) ;$vworking paper no. 13550.
=852  \\$aBritish Library$bDSC$j6067.719500$ino. 13550
=856  41$uhttp://www.nber.org/papers/W13550
=ACF  \\$aBritish Library not licensed to copy$c0$e01-oct-2013$hC$iCFP Excluded$5Uk
=CAT  \\$a8411$b40$c20071205$lBLL01$h1640
=CAT  \\$a8411$b40$c20071205$lBLL01$h1647
=CAT  \\$aBATCH-CLA$b00$c20130527$lBLL01$h0130
=CAT  \\$aBATCH-CLA$b00$c20130630$lBLL01$h1630
=CAT  \\$aIPL-CLA$c20130701$lBLL01$h0117
=CAT  \\$aBATCH-CLA$b00$c20130702$lBLL01$h0202
=CAT  \\$aBATCH-CLA$b00$c20130929$lBLL01$h1618
=CAT  \\$aIPL-CLA$c20130930$lBLL01$h1757
=CAT  \\$aBATCH-CLA$b00$c20131202$lBLL01$h0331
=CAT  \\$aIPL-CLA$c20140101$lBLL01$h0046
=CAT  \\$aBATCH-CLA$b00$c20140327$lBLL01$h1829
=CAT  \\$aIPL-CLA$c20140331$lBLL01$h1633
=CAT  \\$aW2308-1659$c20230923$lBLL01$h1115
=CAT  \\$aBATCH-CLA$b00$c20230924$lBLL01$h0649
=CFI  0\$aBritish Library not licensed to copy$c0$e01-apr-2014$hC$iCFP Excluded$5Uk
=FIN  \\$aY$d20071205
=FMT  \\$a  BK
=LAS  \\$aBATCH-CLA$b00$c20230924$lBLL01$h0649
=SID  \\$aZ39$bOCLC
=TCO  \\$aTRS$bCCC$c008

