=LDR  03387cam a22006617a 4500
=001  014465826
=003  Uk
=005  20230924064927.0
=007  cr\mn|||||||||
=008  071109s2007\\\\maua\\\\\b\\\\000\0\eng\d
=035  \\$a(OCoLC)181027656
=040  \\$aIUL$cIUL$dGZM$dUk
=042  \\$aukblderived
=100  10$aCurrie, Janet.
=245  10$aTransfers in cash and in kind :$btheory meets the data /$cJanet Currie, Firouz Gahvari.
=260  \\$aCambridge, Mass. :$bNational Bureau of Economic Research,$cc2007.
=300  \\$a87, [5] p. :$bill. ;$c22 cm.
=336  \\$atext$2rdacontent
=337  \\$acomputer$2rdamedia
=338  \\$aonline resource$2rdacarrier
=490  1\$aNBER working paper series ;$vno. 13557
=500  \\$a"October 2007".
=504  \\$aIncludes bibliographical references (p. 70-87).
=520  \\$aWe review theoretical explanations for in-kind transfers in light of the limited empirical evidence. After reviewing the traditional paternalistic arguments, we consider explanations based on imperfect information and self-targeting. We then discuss the large literature on in-kind programs as a way of improving the efficiency of the tax system and a range of other possible explanations including the "Samaritan's Dilemma", pecuniary effects, credit constraints, asymmetric information amongst agents, and political economy considerations. Our reading of the evidence suggests that paternalism and interdependent preferences are leading overall explanations for the existence of in-kind transfer programs, but that some of the other arguments may apply to specific cases. Political economy considerations must also be part of the story.
=530  \\$aAlso available in PDF from the NBER world wide web site (www.nber.org).
=540  \\$aBritish Library not licensed to copy$c0$5Uk
=650  \0$aPayment-in-kind program.
=650  \0$aBarter.
=650  \0$aPaternalism.
=650  \0$aDistribution (Economic theory)
=700  1\$aGahvari, Firouz.
=710  2\$aNational Bureau of Economic Research.
=830  \0$aWorking paper series (National Bureau of Economic Research) ;$vworking paper no. 13557.
=852  \\$aBritish Library$bDSC$j6067.719500$ino. 13557
=856  41$uhttp://www.nber.org/papers/W13557
=ACF  \\$aBritish Library not licensed to copy$c0$e01-oct-2013$hC$iCFP Excluded$5Uk
=CAT  \\$a8411$b40$c20071205$lBLL01$h1702
=CAT  \\$a8411$b40$c20071205$lBLL01$h1704
=CAT  \\$aBATCH-CLA$b00$c20130527$lBLL01$h0130
=CAT  \\$aBATCH-CLA$b00$c20130630$lBLL01$h1630
=CAT  \\$aIPL-CLA$c20130701$lBLL01$h0117
=CAT  \\$aBATCH-CLA$b00$c20130702$lBLL01$h0202
=CAT  \\$aBATCH-CLA$b00$c20130929$lBLL01$h1619
=CAT  \\$aIPL-CLA$c20130930$lBLL01$h1757
=CAT  \\$aBATCH-CLA$b00$c20131202$lBLL01$h0331
=CAT  \\$aIPL-CLA$c20140101$lBLL01$h0046
=CAT  \\$aBATCH-CLA$b00$c20140327$lBLL01$h1829
=CAT  \\$aIPL-CLA$c20140331$lBLL01$h1633
=CAT  \\$aBATCH-UPD$b00$c20211217$lBLL01$h2058
=CAT  \\$aBATCH-CLA$b00$c20211218$lBLL01$h0138
=CAT  \\$aW2308-1659$c20230923$lBLL01$h1115
=CAT  \\$aBATCH-CLA$b00$c20230924$lBLL01$h0649
=CFI  0\$aBritish Library not licensed to copy$c0$e01-apr-2014$hC$iCFP Excluded$5Uk
=FIN  \\$aY$d20071205
=FMT  \\$a  BK
=LAS  \\$aBATCH-CLA$b00$c20230924$lBLL01$h0649
=SID  \\$aZ39$bOCLC
=TCO  \\$aTRS$bCCC$c008

