=LDR  03033cam a22006017a 4500
=001  014465829
=003  Uk
=005  20230924064927.0
=007  cr\mn|||||||||
=008  071120s2007\\\\maua\\\\\b\\\\000\0\eng\d
=035  \\$a(OCoLC)181658020
=040  \\$aIUL$cIUL$dGZM$dUk
=042  \\$aukblderived
=100  1\$aShiller, Robert J.
=245  10$aLow interest rates and high asset prices :$ban interpretation in terms of changing popular economic models /$cRobert J. Shiller.
=260  \\$aCambridge, Mass. :$bNational Bureau of Economic Research,$cc2007.
=300  \\$a32 p. :$bill. ;$c22 cm.
=336  \\$atext$2rdacontent
=337  \\$acomputer$2rdamedia
=338  \\$aonline resource$2rdacarrier
=490  1\$aNBER working paper series ;$vno. 13558
=500  \\$a"October 2007".
=504  \\$aIncludes bibliographical references (p. 29-32).
=520  \\$aThere has been a widespread perception in the past few years that long-term asset prices are generally high because monetary authorities have effectively kept long-term interest rates, which the market uses to discount cash flows, low. This perception is not accurate. Long-term interest rates have not been especially low. What has changed to produce high asset prices appears instead to be changes in popular economic models that people actually rely on when valuing assets. The public has mostly forgotten the concept of "real interest rate." Money illusion appears to be an important factor to consider.
=530  \\$aAlso available in PDF from the NBER world wide web site (www.nber.org).
=540  \\$aBritish Library not licensed to copy$c0$5Uk
=650  \0$aAssets (Accounting)$xPrices$xEconometric models.
=650  \0$aAssets (Accounting)$xPrices$xPsychological aspects.
=650  \0$aInterest rates.
=710  2\$aNational Bureau of Economic Research.
=830  \0$aWorking paper series (National Bureau of Economic Research) ;$vworking paper no. 13558.
=852  \\$aBritish Library$bDSC$j6067.719500$ino. 13558
=856  41$uhttp://www.nber.org/papers/W13558
=ACF  \\$aBritish Library not licensed to copy$c0$e01-oct-2013$hC$iCFP Excluded$5Uk
=CAT  \\$a8411$b40$c20071205$lBLL01$h1710
=CAT  \\$aBATCH-CLA$b00$c20130527$lBLL01$h0130
=CAT  \\$aBATCH-CLA$b00$c20130630$lBLL01$h1630
=CAT  \\$aIPL-CLA$c20130701$lBLL01$h0117
=CAT  \\$aBATCH-CLA$b00$c20130702$lBLL01$h0202
=CAT  \\$aBATCH-CLA$b00$c20130929$lBLL01$h1619
=CAT  \\$aIPL-CLA$c20130930$lBLL01$h1757
=CAT  \\$aBATCH-CLA$b00$c20131202$lBLL01$h0331
=CAT  \\$aIPL-CLA$c20140101$lBLL01$h0046
=CAT  \\$aBATCH-CLA$b00$c20140327$lBLL01$h1829
=CAT  \\$aIPL-CLA$c20140331$lBLL01$h1633
=CAT  \\$aW2308-1659$c20230923$lBLL01$h1115
=CAT  \\$aBATCH-CLA$b00$c20230924$lBLL01$h0649
=CFI  0\$aBritish Library not licensed to copy$c0$e01-apr-2014$hC$iCFP Excluded$5Uk
=FIN  \\$aY$d20071205
=FMT  \\$a  BK
=LAS  \\$aBATCH-CLA$b00$c20230924$lBLL01$h0649
=SID  \\$aZ39$bOCLC
=TCO  \\$aTRS$bCCC$c008

