=LDR  03758cam a22005897a 4500
=001  014465884
=003  Uk
=005  20230924064927.0
=007  cr\mn|||||||||
=008  071120s2007\\\\mau\\\\\\b\\\\000\0\eng\d
=035  \\$a(OCoLC)181658857
=040  \\$aIUL$cIUL$dGZM$dUk
=043  \\$aa-cc---
=100  1\$aWhalley, John.
=245  10$aEvaluating the impure Chinese VAT relative to a pure form in a simple monetary trade model with an endogenous trade surplus /$cJohn Whalley, Li Wang.
=260  \\$aCambridge, Mass. :$bNational Bureau of Economic Research,$cc2007.
=300  \\$a29 p. ;$c22 cm.
=336  \\$atext$2rdacontent
=337  \\$acomputer$2rdamedia
=338  \\$aonline resource$2rdacarrier
=490  1\$aNBER working paper series ;$vno. 13581
=500  \\$a"November 2007".
=504  \\$aIncludes bibliographical references (p. 28-29).
=520  \\$aChina's VAT while seemingly conventional has two major impurities. One is that a separate export rebate system exists where rebate rates are linked from rates paid on creditable inputs. The other is the use of an income base for which there is no crediting of taxes on capital good, rather than the more conventional consumption base with expensing of investment expenditures. Here we argue that in a conventional competitive model both impurities would typically involve a welfare loss, but if we use a numerical calibrated equilibrium model with a monetary structure capturing by these Chinese features in which the trade surplus is endogenously determined and the exchange rate is exogenously set, things are different. These impurities effectively act as added taxes on domestic production (lowed export rebate rates, taxes on a larger VAT base) and tax exporting. Tax exporting reduces exports which lowers the surplus and accumulation of foreign currency. In a static model, a reduced surplus is welfare improving. Using 2002 data, we thus find that China's impure VAT system yields welfare gains in contrast to what a conventional model would show. These results are important since there are arguments being made inside and outside China for changes to be made and move closer to a pure VAT. Our results suggest that unless there are wider changes first in macro-structure, such changes may not be welfare preferred.
=530  \\$aAlso available in PDF from the NBER world wide web site (www.nber.org).
=540  \\$aBritish Library not licensed to copy$c0$5Uk
=650  \0$aValue-added tax$zChina.
=700  1\$aWang, Li.
=710  2\$aNational Bureau of Economic Research.
=830  \0$aWorking paper series (National Bureau of Economic Research) ;$vworking paper no. 13581.
=852  41$aBritish Library$bDSC$j6067.719500$ino. 13581
=856  41$uhttp://www.nber.org/papers/W13581
=ACF  \\$aBritish Library not licensed to copy$c0$e01-oct-2013$hC$iCFP Excluded$5Uk
=CAT  \\$a10775$b40$c20071206$lBLL01$h0848
=CAT  \\$aBATCH-CLA$b00$c20130527$lBLL01$h0130
=CAT  \\$aBATCH-CLA$b00$c20130630$lBLL01$h1630
=CAT  \\$aIPL-CLA$c20130701$lBLL01$h0117
=CAT  \\$aBATCH-CLA$b00$c20130702$lBLL01$h0202
=CAT  \\$aBATCH-CLA$b00$c20130929$lBLL01$h1619
=CAT  \\$aIPL-CLA$c20130930$lBLL01$h1757
=CAT  \\$aBATCH-CLA$b00$c20131202$lBLL01$h0331
=CAT  \\$aIPL-CLA$c20140101$lBLL01$h0046
=CAT  \\$aBATCH-CLA$b00$c20140327$lBLL01$h1829
=CAT  \\$aIPL-CLA$c20140331$lBLL01$h1633
=CAT  \\$aW2308-1659$c20230923$lBLL01$h1115
=CAT  \\$aBATCH-CLA$b00$c20230924$lBLL01$h0649
=CFI  0\$aBritish Library not licensed to copy$c0$e01-apr-2014$hC$iCFP Excluded$5Uk
=FIN  \\$aY$d20071206
=FMT  \\$a  BK
=LAS  \\$aBATCH-CLA$b00$c20230924$lBLL01$h0649
=SID  \\$aZ39$bOCLC
=TCO  \\$aTRS$bCCC$c008

