=LDR  02820cam a22006137a 4500
=001  014465887
=003  Uk
=005  20230924064927.0
=007  cr\mn|||||||||
=008  071120s2007\\\\maua\\\\\b\\\\000\0\eng\d
=035  \\$a(OCoLC)181659024
=040  \\$aIUL$cIUL$dGZM$dUk
=100  1\$aPhilippon, Thomas.
=245  10$aReal options in a dynamic agency model, with applications to financial development, IPOs, and business risk /$cThomas Philippon, Yuliy Sannikov.
=260  \\$aCambridge, Mass. :$bNational Bureau of Economic Research,$cc2007.
=300  \\$a31, [3] p. :$bill. ;$c22 cm.
=336  \\$atext$2rdacontent
=337  \\$acomputer$2rdamedia
=338  \\$aonline resource$2rdacarrier
=490  1\$aNBER working paper series ;$vno. 13584
=500  \\$a"November 2007".
=504  \\$aIncludes bibliographical references (p. 29-31).
=520  \\$aWe study investment options in a dynamic agency model. Moral hazard creates an option to wait and agency conflicts affect the timing of investment. The model sheds light, theoretically and quantitatively, on the evolution of firms' dynamics, in particular the decline of the failure rate and the decrease in the age of IPOs.
=530  \\$aAlso available in PDF from the NBER world wide web site (www.nber.org).
=540  \\$aBritish Library not licensed to copy$c0$5Uk
=650  \0$aCorporations$xFinance$xEconometric models.
=650  \0$aGoing public (Securities)
=700  1\$aSannikov, Yuliy.
=710  2\$aNational Bureau of Economic Research.
=830  \0$aWorking paper series (National Bureau of Economic Research) ;$vworking paper no. 13584.
=852  41$aBritish Library$bDSC$j6067.719500$ino. 13584
=856  41$uhttp://www.nber.org/papers/W13584
=ACF  \\$aBritish Library not licensed to copy$c0$e01-oct-2013$hC$iCFP Excluded$5Uk
=CAT  \\$a10775$b40$c20071206$lBLL01$h0851
=CAT  \\$aBATCH-CLA$b00$c20130527$lBLL01$h0130
=CAT  \\$aBATCH-CLA$b00$c20130630$lBLL01$h1630
=CAT  \\$aIPL-CLA$c20130701$lBLL01$h0117
=CAT  \\$aBATCH-CLA$b00$c20130702$lBLL01$h0202
=CAT  \\$aBATCH-CLA$b00$c20130929$lBLL01$h1619
=CAT  \\$aIPL-CLA$c20130930$lBLL01$h1757
=CAT  \\$aBATCH-CLA$b00$c20131202$lBLL01$h0331
=CAT  \\$aIPL-CLA$c20140101$lBLL01$h0046
=CAT  \\$aBATCH-CLA$b00$c20140327$lBLL01$h1829
=CAT  \\$aIPL-CLA$c20140331$lBLL01$h1633
=CAT  \\$aBATCH-UPD$b00$c20150819$lBLL01$h1725
=CAT  \\$aBATCH-UPD$b00$c20171016$lBLL01$h2025
=CAT  \\$aW2308-1659$c20230923$lBLL01$h1115
=CAT  \\$aBATCH-CLA$b00$c20230924$lBLL01$h0649
=CFI  0\$aBritish Library not licensed to copy$c0$e01-apr-2014$hC$iCFP Excluded$5Uk
=FIN  \\$aY$d20071206
=FMT  \\$a  BK
=LAS  \\$aBATCH-CLA$b00$c20230924$lBLL01$h0649
=SID  \\$aZ39$bOCLC
=TCO  \\$aTRS$bCCC$c008

