=LDR  03475cam a22006257a 4500
=001  014465888
=003  Uk
=005  20230924064927.0
=007  cr\mn|||||||||
=008  071120s2007\\\\maua\\\\\b\\\\000\0\eng\d
=035  \\$a(OCoLC)181659144
=040  \\$aIUL$cIUL$dGZM$dUk
=100  1\$aGruber, Jonathan.
=245  10$aHow much uncompensated care do doctors provide? /$cJonathan Gruber, David Rodriguez.
=260  \\$aCambridge, Mass. :$bNational Bureau of Economic Research,$cc2007.
=300  \\$a39 p. :$bill. ;$c22 cm.
=336  \\$atext$2rdacontent
=337  \\$acomputer$2rdamedia
=338  \\$aonline resource$2rdacarrier
=490  1\$aNBER working paper series ;$vno. 13585
=500  \\$a"November 2007".
=504  \\$aIncludes bibliographical references (p. 29-30).
=520  \\$aThe magnitude of provider uncompensated care has become an important public policy issue. Yet existing measures of uncompensated care are flawed because they compare uninsured payments to list prices, not to the prices actually paid by the insured. We address this issue using a novel source of data from a vendor that processes financial data for almost 4000 physicians. We measure uncompensated care as the net amount that physicians lose by lower payments from the uninsured than from the insured. Our best estimate is that physicians provide negative uncompensated care to the uninsured, earning more on uninsured patients than on insured patients with comparable treatments. Even our most conservative estimates suggest that uncompensated care amounts to only 0.8% of revenues, or at most {dollar}3.2 billion nationally. These results highlight the important distinction between charges and payments, and point to the need for a re-definition of uncompensated care in the health sector going forward.
=530  \\$aAlso available in PDF from the NBER world wide web site (www.nber.org).
=540  \\$aBritish Library not licensed to copy$c0$5Uk
=650  \0$aMedical care$xFinance.
=650  \0$aInsurance, Health$xEconomic aspects.
=700  1\$aRodriguez, David,$d1975-
=710  2\$aNational Bureau of Economic Research.
=830  \0$aWorking paper series (National Bureau of Economic Research) ;$vworking paper no. 13585.
=852  41$aBritish Library$bDSC$j6067.719500$ino. 13585
=856  41$uhttp://www.nber.org/papers/W13585
=ACF  \\$aBritish Library not licensed to copy$c0$e01-oct-2013$hC$iCFP Excluded$5Uk
=CAT  \\$a10775$b40$c20071206$lBLL01$h0853
=CAT  \\$aBATCH-CLA$b00$c20130527$lBLL01$h0130
=CAT  \\$aBATCH-CLA$b00$c20130630$lBLL01$h1630
=CAT  \\$aIPL-CLA$c20130701$lBLL01$h0117
=CAT  \\$aBATCH-CLA$b00$c20130702$lBLL01$h0202
=CAT  \\$aBATCH-CLA$b00$c20130929$lBLL01$h1619
=CAT  \\$aIPL-CLA$c20130930$lBLL01$h1757
=CAT  \\$aBATCH-CLA$b00$c20131202$lBLL01$h0331
=CAT  \\$aIPL-CLA$c20140101$lBLL01$h0046
=CAT  \\$aBATCH-CLA$b00$c20140327$lBLL01$h1829
=CAT  \\$aIPL-CLA$c20140331$lBLL01$h1633
=CAT  \\$aBATCH-UPD$b00$c20141222$lBLL01$h1240
=CAT  \\$a8962$b40$c20150505$lBLL01$h0921
=CAT  \\$aBATCH-CLA$b00$c20150506$lBLL01$h0107
=CAT  \\$aW2308-1659$c20230923$lBLL01$h1115
=CAT  \\$aBATCH-CLA$b00$c20230924$lBLL01$h0649
=CFI  0\$aBritish Library not licensed to copy$c0$e01-apr-2014$hC$iCFP Excluded$5Uk
=FIN  \\$aY$d20071206
=FMT  \\$a  BK
=LAS  \\$aBATCH-CLA$b00$c20230924$lBLL01$h0649
=SID  \\$aZ39$bOCLC
=TCO  \\$aTRS$bCCC$c008

