=LDR  03151cam a22006257a 4500
=001  014465891
=003  Uk
=005  20230924064927.0
=007  cr\mn|||||||||
=008  071120s2007\\\\mau\\\\\\b\\\\000\0\eng\d
=035  \\$a(OCoLC)181658681
=040  \\$aIUL$cIUL$dGZM$dUk
=100  1\$aHeal, G. M.
=245  10$aSocial reinforcement :$bcascades, entrapment and tipping /$cGeoffrey Heal, Howard Kunreuther.
=260  \\$aCambridge, Mass. :$bNational Bureau of Economic Research,$cc2007.
=300  \\$a18 p. ;$c22 cm.
=336  \\$atext$2rdacontent
=337  \\$acomputer$2rdamedia
=338  \\$aonline resource$2rdacarrier
=490  1\$aNBER working paper series ;$vno. 13579
=500  \\$a"November 2007".
=504  \\$aIncludes bibliographical references (p. 16-18).
=520  \\$aThere are many social situations in which the actions of different agents reinforce each other. These include network effects and the threshold models used by sociologists (Granovetter, Watts) as well as Leibenstein's "bandwagon effects." We model such situations as a game with increasing differences, and show that tipping of equilibria as discussed by Schelling, cascading and Dixit's results on clubs with entrapment are natural consequences of this mutual reinforcement. If there are several equilibria, one of which Pareto dominates, then we show that the inefficient equilibria can be tipped to the efficient one, a result of interest in the context of coordination problems.
=530  \\$aAlso available in PDF from the NBER world wide web site (www.nber.org).
=540  \\$aBritish Library not licensed to copy$c0$5Uk
=650  \0$aSocial groups$xEconomic aspects.
=650  \0$aEquilibrium (Economics)
=700  1\$aKunreuther, Howard.
=710  2\$aNational Bureau of Economic Research.
=830  \0$aWorking paper series (National Bureau of Economic Research) ;$vworking paper no. 13579.
=852  41$aBritish Library$bDSC$j6067.719500$ino. 13579
=856  41$uhttp://www.nber.org/papers/W13579
=ACF  \\$aBritish Library not licensed to copy$c0$e01-oct-2013$hC$iCFP Excluded$5Uk
=CAT  \\$a10775$b40$c20071206$lBLL01$h0856
=CAT  \\$aBATCH-CLA$b00$c20130527$lBLL01$h0130
=CAT  \\$aBATCH-CLA$b00$c20130630$lBLL01$h1630
=CAT  \\$aIPL-CLA$c20130701$lBLL01$h0117
=CAT  \\$aBATCH-CLA$b00$c20130702$lBLL01$h0202
=CAT  \\$aBATCH-CLA$b00$c20130929$lBLL01$h1619
=CAT  \\$aIPL-CLA$c20130930$lBLL01$h1757
=CAT  \\$aBATCH-CLA$b00$c20131202$lBLL01$h0331
=CAT  \\$aIPL-CLA$c20140101$lBLL01$h0046
=CAT  \\$aBATCH-CLA$b00$c20140327$lBLL01$h1829
=CAT  \\$aIPL-CLA$c20140331$lBLL01$h1633
=CAT  \\$aBATCH-UPD$b00$c20140901$lBLL01$h2032
=CAT  \\$aBATCH-UPD$b00$c20211203$lBLL01$h2037
=CAT  \\$aBATCH-CLA$b00$c20211204$lBLL01$h0103
=CAT  \\$aW2308-1659$c20230923$lBLL01$h1115
=CAT  \\$aBATCH-CLA$b00$c20230924$lBLL01$h0649
=CFI  0\$aBritish Library not licensed to copy$c0$e01-apr-2014$hC$iCFP Excluded$5Uk
=FIN  \\$aY$d20071206
=FMT  \\$a  BK
=LAS  \\$aBATCH-CLA$b00$c20230924$lBLL01$h0649
=SID  \\$aZ39$bOCLC
=TCO  \\$aTRS$bCCC$c008

