=LDR  03179cam a22005657a 4500
=001  014465893
=003  Uk
=005  20230924064927.0
=007  cr\mn|||||||||
=008  071120s2007\\\\mau\\\\\\b\\\\000\0\eng\d
=035  \\$a(OCoLC)181658776
=040  \\$aIUL$cIUL$dGZM$dUk
=100  1\$aGoodfriend, Marvin.
=245  10$aHow the world achieved consensus on monetary policy /$cMarvin Goodfriend.
=260  \\$aCambridge, Mass. :$bNational Bureau of Economic Research,$cc2007.
=300  \\$a42 p. ;$c22 cm.
=336  \\$atext$2rdacontent
=337  \\$acomputer$2rdamedia
=338  \\$aonline resource$2rdacarrier
=490  1\$aNBER working paper series ;$vno. 13580
=500  \\$a"November 2007".
=504  \\$aIncludes bibliographical references (p. 33-42).
=520  \\$aThis article tells how the world achieved a working consensus on the core principles of monetary policy. The story begins with the muddled state of affairs in the late 1970s. It then asks: How did Federal Reserve policy produce an understanding of the practical principles of monetary policy? How did formal institutional support abroad for targeting low inflation follow from an international acceptance of these ideas? And how did a consensus theoretical model develop in academia? The article tells how the modern theoretical consensus known as the New Neoclassical Synthesis (aka, the New Keynesian model) reinforces key advances: the priority for price stability, the targeting of core rather than headline inflation, the importance of credibility for low inflation, and preemptive interest rate policy supported by transparent objectives and procedures. The conclusion identifies important practical issues that remain to be explored in theory.
=530  \\$aAlso available in PDF from the NBER world wide web site (www.nber.org).
=540  \\$aBritish Library not licensed to copy$c0$5Uk
=650  \0$aMonetary policy$xHistory$y20th century.
=710  2\$aNational Bureau of Economic Research.
=830  \0$aWorking paper series (National Bureau of Economic Research) ;$vworking paper no. 13580.
=852  41$aBritish Library$bDSC$j6067.719500$ino. 13580
=856  41$uhttp://www.nber.org/papers/W13580
=ACF  \\$aBritish Library not licensed to copy$c0$e01-oct-2013$hC$iCFP Excluded$5Uk
=CAT  \\$a10775$b40$c20071206$lBLL01$h0858
=CAT  \\$aBATCH-CLA$b00$c20130527$lBLL01$h0130
=CAT  \\$aBATCH-CLA$b00$c20130630$lBLL01$h1630
=CAT  \\$aIPL-CLA$c20130701$lBLL01$h0117
=CAT  \\$aBATCH-CLA$b00$c20130702$lBLL01$h0202
=CAT  \\$aBATCH-CLA$b00$c20130929$lBLL01$h1619
=CAT  \\$aIPL-CLA$c20130930$lBLL01$h1757
=CAT  \\$aBATCH-CLA$b00$c20131202$lBLL01$h0331
=CAT  \\$aIPL-CLA$c20140101$lBLL01$h0046
=CAT  \\$aBATCH-CLA$b00$c20140327$lBLL01$h1829
=CAT  \\$aIPL-CLA$c20140331$lBLL01$h1633
=CAT  \\$aW2308-1659$c20230923$lBLL01$h1115
=CAT  \\$aBATCH-CLA$b00$c20230924$lBLL01$h0649
=CFI  0\$aBritish Library not licensed to copy$c0$e01-apr-2014$hC$iCFP Excluded$5Uk
=FIN  \\$aY$d20071206
=FMT  \\$a  BK
=LAS  \\$aBATCH-CLA$b00$c20230924$lBLL01$h0649
=SID  \\$aZ39$bOCLC
=TCO  \\$aTRS$bCCC$c008

