=LDR  03547cam a22006137a 4500
=001  014465898
=003  Uk
=005  20230924064927.0
=007  cr\mn|||||||||
=008  071120s2007\\\\maua\\\\\b\\\\000\0\eng\d
=035  \\$a(OCoLC)181659220
=040  \\$aIUL$cIUL$dGZM$dUk
=043  \\$aa-cc---
=100  1\$aWang, Li.
=245  14$aThe impacts of Renminbi appreciation on trades flows and reserve accumulation in a monetary trade model /$cLi Wang, John Whalley.
=260  \\$aCambridge, Mass. :$bNational Bureau of Economic Research,$cc2007.
=300  \\$a33 p. :$bill. ;$c22 cm.
=336  \\$atext$2rdacontent
=337  \\$acomputer$2rdamedia
=338  \\$aonline resource$2rdacarrier
=490  1\$aNBER working paper series ;$vno. 13586
=500  \\$a"November 2007".
=504  \\$aIncludes bibliographical references (p. 32-33).
=520  \\$aGiven the rapidly growing reserves in Asia (China, Japan, Korea, Taiwan) and the pressures from trading partners to revalue, there is a need to examine commercial policy in more than a pure barter model. Here we evaluate the joint impacts of exchange rate appreciation on trade flows and country surpluses using a general equilibrium trade model with a simple monetary structure in which the trade surplus is endogenously determined in the exchange rate setting country and the exchange rate is exogenous. We illustrate its application to the Chinese case using calibration to 2005 data. Our results, while elasticity dependent, suggest that the impacts of Renminbi (RMB) revaluation on the surplus are proportionally larger than on trade flows, and that changes in trade flows can be substantial. Different treatments of China's processing trade have small impact on changes in China's trade flow under RMB appreciation, but significant impacts on the change in the surplus. Results are elasticity dependent; larger substitution elasticities in preferences yield larger effects on trade flows and the surplus.
=530  \\$aAlso available in PDF from the NBER world wide web site (www.nber.org).
=540  \\$aBritish Library not licensed to copy$c0$5Uk
=650  \0$aRenminbi$xValuation$xEconomic aspects.
=650  \0$aForeign exchange rates$zChina.
=651  \0$aChina$xCommerce$xEconometric models.
=700  1\$aWhalley, John.
=710  2\$aNational Bureau of Economic Research.
=830  \0$aWorking paper series (National Bureau of Economic Research) ;$vworking paper no. 13586.
=852  41$aBritish Library$bDSC$j6067.719500$ino. 13586
=856  41$uhttp://www.nber.org/papers/W13586
=ACF  \\$aBritish Library not licensed to copy$c0$e01-oct-2013$hC$iCFP Excluded$5Uk
=CAT  \\$a10775$b40$c20071206$lBLL01$h0904
=CAT  \\$aBATCH-CLA$b00$c20130527$lBLL01$h0130
=CAT  \\$aBATCH-CLA$b00$c20130630$lBLL01$h1630
=CAT  \\$aIPL-CLA$c20130701$lBLL01$h0117
=CAT  \\$aBATCH-CLA$b00$c20130702$lBLL01$h0202
=CAT  \\$aBATCH-CLA$b00$c20130929$lBLL01$h1619
=CAT  \\$aIPL-CLA$c20130930$lBLL01$h1757
=CAT  \\$aBATCH-CLA$b00$c20131202$lBLL01$h0331
=CAT  \\$aIPL-CLA$c20140101$lBLL01$h0046
=CAT  \\$aBATCH-CLA$b00$c20140327$lBLL01$h1829
=CAT  \\$aIPL-CLA$c20140331$lBLL01$h1633
=CAT  \\$aW2308-1659$c20230923$lBLL01$h1115
=CAT  \\$aBATCH-CLA$b00$c20230924$lBLL01$h0649
=CFI  0\$aBritish Library not licensed to copy$c0$e01-apr-2014$hC$iCFP Excluded$5Uk
=FIN  \\$aY$d20071206
=FMT  \\$a  BK
=LAS  \\$aBATCH-CLA$b00$c20230924$lBLL01$h0649
=SID  \\$aZ39$bOCLC
=TCO  \\$aTRS$bCCC$c008

