=LDR  03127cam a22006017a 4500
=001  014465902
=003  Uk
=005  20230924064927.0
=007  cr\mn|||||||||
=008  071120s2007\\\\mau\\\\\\b\\\\000\0\eng\d
=035  \\$a(OCoLC)181658284
=040  \\$aIUL$cIUL$dGZM$dUk
=043  \\$an-us---
=100  1\$aLubowski, Ruben N.$q(Ruben Noah)
=245  10$aWhat drives land-use changes in the United States? :$ba national analysis of landowner decisions /$cRuben N. Lubowski, Andrew J. Plantinga, Robert N. Stavins.
=260  \\$aCambridge, Mass. :$bNational Bureau of Economic Research,$cc2007.
=300  \\$a41 p. ;$c22 cm.
=336  \\$atext$2rdacontent
=337  \\$acomputer$2rdamedia
=338  \\$aonline resource$2rdacarrier
=490  1\$aNBER working paper series ;$vno. 13572
=500  \\$a"November 2007".
=504  \\$aIncludes bibliographical references (p. 28-31).
=520  \\$aLand-use changes involve important economic and environmental effects with implications for international trade, global climate change, wildlife, and other policy issues. We use an econometric model to identify factors driving land-use change in the United States between 1982 and 1997. We quantify the effects of net returns to alternative land uses on private landowners' decisions to allocate land among six major uses, drawing on detailed micro-data on land use and land quality that are comprehensive of the contiguous U.S. This analysis provides the first evidence of the relative historical importance of markets and Federal farm policies affecting land-use changes nationally.
=530  \\$aAlso available in PDF from the NBER world wide web site (www.nber.org).
=540  \\$aBritish Library not licensed to copy$c0$5Uk
=650  \0$aLand use$zUnited States$xEconometric models.
=700  1\$aPlantinga, Andrew.
=700  1\$aStavins, R. N.$q(Robert N.),$d1948-
=710  2\$aNational Bureau of Economic Research.
=830  \0$aWorking paper series (National Bureau of Economic Research) ;$vworking paper no. 13572.
=852  41$aBritish Library$bDSC$j6067.719500$ino. 13572
=856  41$uhttp://www.nber.org/papers/W13572
=ACF  \\$aBritish Library not licensed to copy$c0$e01-oct-2013$hC$iCFP Excluded$5Uk
=CAT  \\$a10775$b40$c20071206$lBLL01$h0907
=CAT  \\$aBATCH-CLA$b00$c20130527$lBLL01$h0130
=CAT  \\$aBATCH-CLA$b00$c20130630$lBLL01$h1630
=CAT  \\$aIPL-CLA$c20130701$lBLL01$h0117
=CAT  \\$aBATCH-CLA$b00$c20130702$lBLL01$h0202
=CAT  \\$aBATCH-CLA$b00$c20130929$lBLL01$h1619
=CAT  \\$aIPL-CLA$c20130930$lBLL01$h1757
=CAT  \\$aBATCH-CLA$b00$c20131202$lBLL01$h0331
=CAT  \\$aIPL-CLA$c20140101$lBLL01$h0046
=CAT  \\$aBATCH-CLA$b00$c20140327$lBLL01$h1829
=CAT  \\$aIPL-CLA$c20140331$lBLL01$h1633
=CAT  \\$aW2308-1659$c20230923$lBLL01$h1115
=CAT  \\$aBATCH-CLA$b00$c20230924$lBLL01$h0649
=CFI  0\$aBritish Library not licensed to copy$c0$e01-apr-2014$hC$iCFP Excluded$5Uk
=FIN  \\$aY$d20071206
=FMT  \\$a  BK
=LAS  \\$aBATCH-CLA$b00$c20230924$lBLL01$h0649
=SID  \\$aZ39$bOCLC
=TCO  \\$aTRS$bCCC$c008

