=LDR  03611cam a22006137a 4500
=001  014465909
=003  Uk
=005  20230924064927.0
=007  cr\mn|||||||||
=008  071130s2007\\\\maua\\\\\b\\\\000\0\eng\d
=035  \\$a(OCoLC)182620965
=040  \\$aGZM$cGZM$dUk
=043  \\$an-us---
=100  10$aMoehling, Carolyn M.$q(Carolyn Marie),$d1968-
=245  10$aImmigration and crime in early 20th century America /$cCarolyn Moehling, Anne Morrison Piehl.
=260  \\$aCambridge, Mass. :$bNational Bureau of Economic Research,$cc2007.
=300  \\$a32, [16] p. :$bill. ;$c22 cm.
=336  \\$atext$2rdacontent
=337  \\$acomputer$2rdamedia
=338  \\$aonline resource$2rdacarrier
=490  1\$aNBER working paper series ;$vno. 13576
=500  \\$a"November 2007".
=504  \\$aIncludes bibliographical references (p. 30-32).
=520  \\$aResearch on crime in the late 20th century has consistently shown that immigrants have lower rates of involvement in criminal activity than natives. We find that a century ago immigrants may have been slightly more likely than natives to be involved in crime. In 1904 prison commitment rates for more serious crimes were quite similar by nativity for all ages except ages 18 and 19 when the commitment rate for immigrants was higher than for the native born. By 1930, immigrants were less likely than natives to be committed to prisons at all ages 20 and older. But this advantage disappears when one looks at commitments for violent offenses. Aggregation bias and the absence of accurate population data meant that analysts at the time missed these important features of the immigrant-native incarceration comparison. The relative decline of the criminality of the foreign born reflected a growing gap between natives and immigrants at older ages, one that was driven by sharp increases in the commitment rates of the native born, while commitment rates for the foreign born were remarkably stable.
=530  \\$aAlso available in PDF from the NBER World Wide Web site (www.nber.org).
=540  \\$aBritish Library not licensed to copy$c0$5Uk
=650  \0$aCrime$xSocial aspects$zUnited States$xHistory$y20th century.
=650  \0$aImmigrants$zUnited States$xSocial conditions$xHistory$y20th century.
=700  1\$aPiehl, Anne Morrison,$d1964-
=710  2\$aNational Bureau of Economic Research.
=830  \0$aWorking paper series (National Bureau of Economic Research) ;$vworking paper no. 13576.
=852  41$aBritish Library$bDSC$j6067.719500$ino. 13576
=856  41$uhttp://www.nber.org/papers/W13576
=ACF  \\$aBritish Library not licensed to copy$c0$e01-oct-2013$hC$iCFP Excluded$5Uk
=CAT  \\$a10775$b40$c20071206$lBLL01$h0911
=CAT  \\$aBATCH-CLA$b00$c20130527$lBLL01$h0130
=CAT  \\$aBATCH-CLA$b00$c20130630$lBLL01$h1630
=CAT  \\$aIPL-CLA$c20130701$lBLL01$h0117
=CAT  \\$aBATCH-CLA$b00$c20130702$lBLL01$h0202
=CAT  \\$aBATCH-CLA$b00$c20130929$lBLL01$h1619
=CAT  \\$aIPL-CLA$c20130930$lBLL01$h1757
=CAT  \\$aBATCH-CLA$b00$c20131202$lBLL01$h0331
=CAT  \\$aIPL-CLA$c20140101$lBLL01$h0046
=CAT  \\$aBATCH-CLA$b00$c20140327$lBLL01$h1829
=CAT  \\$aIPL-CLA$c20140331$lBLL01$h1633
=CAT  \\$aBATCH-UPD$b00$c20150408$lBLL01$h1633
=CAT  \\$aW2308-1659$c20230923$lBLL01$h1115
=CAT  \\$aBATCH-CLA$b00$c20230924$lBLL01$h0649
=CFI  0\$aBritish Library not licensed to copy$c0$e01-apr-2014$hC$iCFP Excluded$5Uk
=FIN  \\$aY$d20071206
=FMT  \\$a  BK
=LAS  \\$aBATCH-CLA$b00$c20230924$lBLL01$h0649
=SID  \\$aZ39$bOCLC
=TCO  \\$aTRS$bCCC$c008

