=LDR  03906cam a22006257a 4500
=001  014466040
=003  Uk
=005  20230924064927.0
=007  cr\mn|||||||||
=008  071119s2007\\\\maua\\\\\b\\\\000\0\eng\d
=035  \\$a(OCoLC)181591749
=040  \\$aIUL$cIUL$dGZM$dUk
=043  \\$an-us---
=100  1\$aMalmendier, Ulrike.
=245  10$aCorporate financial policies with overconfident managers /$cUlrike Malmendier, Geoffrey Tate, Jonathan Yan.
=260  \\$aCambridge, Mass. :$bNational Bureau of Economic Research,$cc2007.
=300  \\$a33, [9] p. :$bill. ;$c22 cm.
=336  \\$atext$2rdacontent
=337  \\$acomputer$2rdamedia
=338  \\$aonline resource$2rdacarrier
=490  1\$aNBER working paper series ;$vno. 13570
=500  \\$a"November 2007".
=504  \\$aIncludes bibliographical references (p. 30-33).
=520  \\$aMany financing choices of US corporations remain puzzling even after accounting for standard determinants such as taxes, bankruptcy costs, and asymmetric information. We propose that managerial beliefs help to explain the remaining variation across and within firms, including variation in debt conservatism and in pecking-order behavior. Managers who believe that their company is undervalued view external financing as overpriced, especially equity financing. As a result, they display pecking-order preferences for internal financing over debt and for debt over equity. They may also exhibit debt conservatism: While they prefer debt to equity, they still underutilize debt relative to its tax benefits. We test these hypotheses empirically, using late option exercise by the CEO as a measure of overconfidence. We find that, conditional on accessing public markets, CEOs who personally overinvest in their companies are significantly less likely to issue equity. They raise 33 cents more debt to cover an additional dollar of financing deficit than their peers. Moreover, the frequency with which they access any external finance (debt or equity) is significantly lower, resulting in debt conservatism. The results replicate when identifying managerial overconfidence based on press portrayal as confident or optimistic. We conclude that managerial overconfidence helps to explain variation in corporate financial policies.
=530  \\$aAlso available in PDF from the NBER world wide web site (www.nber.org).
=540  \\$aBritish Library not licensed to copy$c0$5Uk
=650  \0$aCorporations$zUnited States$xFinance$xPsychological aspects.
=700  1\$aTate, Geoffrey.
=700  1\$aYan, Jonathan.
=710  2\$aNational Bureau of Economic Research.
=830  \0$aWorking paper series (National Bureau of Economic Research) ;$vworking paper no. 13570.
=852  41$aBritish Library$bDSC$j6067.719500$ino. 13570
=856  41$uhttp://www.nber.org/papers/W13570
=ACF  \\$aBritish Library not licensed to copy$c0$e01-oct-2013$hC$iCFP Excluded$5Uk
=CAT  \\$a8411$b40$c20071206$lBLL01$h1045
=CAT  \\$a8411$b40$c20071206$lBLL01$h1047
=CAT  \\$a8411$b40$c20071206$lBLL01$h1321
=CAT  \\$aBATCH-CLA$b00$c20130527$lBLL01$h0130
=CAT  \\$aBATCH-CLA$b00$c20130630$lBLL01$h1630
=CAT  \\$aIPL-CLA$c20130701$lBLL01$h0117
=CAT  \\$aBATCH-CLA$b00$c20130702$lBLL01$h0202
=CAT  \\$aBATCH-CLA$b00$c20130929$lBLL01$h1619
=CAT  \\$aIPL-CLA$c20130930$lBLL01$h1757
=CAT  \\$aBATCH-CLA$b00$c20131202$lBLL01$h0331
=CAT  \\$aIPL-CLA$c20140101$lBLL01$h0046
=CAT  \\$aBATCH-CLA$b00$c20140327$lBLL01$h1829
=CAT  \\$aIPL-CLA$c20140331$lBLL01$h1633
=CAT  \\$aW2308-1659$c20230923$lBLL01$h1115
=CAT  \\$aBATCH-CLA$b00$c20230924$lBLL01$h0649
=CFI  0\$aBritish Library not licensed to copy$c0$e01-apr-2014$hC$iCFP Excluded$5Uk
=FIN  \\$aY$d20071206
=FMT  \\$a  BK
=LAS  \\$aBATCH-CLA$b00$c20230924$lBLL01$h0649
=SID  \\$aZ39$bOCLC
=TCO  \\$aTRS$bCCC$c008

