=LDR  02877cam a22005777a 4500
=001  014466099
=003  Uk
=005  20230924064927.0
=007  cr\mn|||||||||
=008  071120s2007\\\\mau\\\\\\b\\\\000\0\eng\d
=035  \\$a(OCoLC)181658466
=040  \\$aIUL$cIUL$dGZM$dUk
=100  1\$aStavins, R. N.$q(Robert N.),$d1948-
=245  10$aEnvironmental economics /$cRobert N. Stavins.
=260  \\$aCambridge, Mass. :$bNational Bureau of Economic Research,$cc2007.
=300  \\$a19 p. ;$c22 cm.
=336  \\$atext$2rdacontent
=337  \\$acomputer$2rdamedia
=338  \\$aonline resource$2rdacarrier
=490  1\$aNBER working paper series ;$vno. 13574
=500  \\$a"November 2007".
=504  \\$aIncludes bibliographical references (p. 14-19).
=520  \\$aThis article provides an overview of the economics of environmental policy, including the setting of goals and targets, notably the Kaldor-Hicks criterion and the related method of assessment known as benefit-cost analysis. Also reviewed are the means of environmental policy, that is, the choice of specific policy instruments, featuring an examination of potential criteria for assessing alternative instruments, with focus on cost-effectiveness. The theoretical foundations and experiential highlights of individual instruments are reviewed, including conventional command-and-control mechanisms and market-based instruments.
=530  \\$aAlso available in PDF from the NBER world wide web site (www.nber.org).
=540  \\$aBritish Library not licensed to copy$c0$5Uk
=650  \0$aEnvironmental economics.
=710  2\$aNational Bureau of Economic Research.
=830  \0$aWorking paper series (National Bureau of Economic Research) ;$vworking paper no. 13574.
=852  41$aBritish Library$bDSC$j6067.719500$ino. 13574
=856  41$uhttp://www.nber.org/papers/W13574
=ACF  \\$aBritish Library not licensed to copy$c0$e01-oct-2013$hC$iCFP Excluded$5Uk
=CAT  \\$a8411$b40$c20071206$lBLL01$h1117
=CAT  \\$a8411$b40$c20071206$lBLL01$h1321
=CAT  \\$aBATCH-CLA$b00$c20130527$lBLL01$h0130
=CAT  \\$aBATCH-CLA$b00$c20130630$lBLL01$h1630
=CAT  \\$aIPL-CLA$c20130701$lBLL01$h0117
=CAT  \\$aBATCH-CLA$b00$c20130702$lBLL01$h0202
=CAT  \\$aBATCH-CLA$b00$c20130929$lBLL01$h1619
=CAT  \\$aIPL-CLA$c20130930$lBLL01$h1757
=CAT  \\$aBATCH-CLA$b00$c20131202$lBLL01$h0331
=CAT  \\$aIPL-CLA$c20140101$lBLL01$h0046
=CAT  \\$aBATCH-CLA$b00$c20140327$lBLL01$h1829
=CAT  \\$aIPL-CLA$c20140331$lBLL01$h1633
=CAT  \\$aW2308-1659$c20230923$lBLL01$h1115
=CAT  \\$aBATCH-CLA$b00$c20230924$lBLL01$h0649
=CFI  0\$aBritish Library not licensed to copy$c0$e01-apr-2014$hC$iCFP Excluded$5Uk
=FIN  \\$aY$d20071206
=FMT  \\$a  BK
=LAS  \\$aBATCH-CLA$b00$c20230924$lBLL01$h0649
=SID  \\$aZ39$bOCLC
=TCO  \\$aTRS$bCCC$c008

