=LDR  04524cam a22006137a 4500
=001  014466129
=003  Uk
=005  20230924064927.0
=007  cr\mn|||||||||
=008  071119s2007\\\\mau\\\\\\b\\\\000\0\eng\d
=035  \\$a(OCoLC)181591776
=040  \\$aIUL$cIUL$dUk$dGZM
=042  \\$aukblderived
=100  1\$aRevesz, Richard L.,$d1958-
=245  10$aEnvironmental law and policy /$cRichard L. Revesz, Robert Stavins.
=260  \\$aCambridge, Mass. :$bNational Bureau of Economic Research,$cc2007.
=300  \\$a93 p. ;$c22 cm.
=336  \\$atext$2rdacontent
=337  \\$acomputer$2rdamedia
=338  \\$aonline resource$2rdacarrier
=490  1\$aNBER working paper series ;$vno. 13575
=500  \\$a"November 2007".
=504  \\$aIncludes bibliographical references (p. 71-93).
=520  \\$aThis chapter for the Handbook of Law and Economics provides an economic perspective of environmental law and policy. We examine the ends of environmental policy, that is, the setting of goals and targets, beginning with normative issues, notably the Kaldor-Hicks criterion and the related method of assessment known as benefit-cost analysis. We examine this analytical method in detail, including its theoretical foundations and empirical methods of estimation of compliance costs and environmental benefits. We review critiques of benefit-cost analysis, and examine alternative approaches to analyzing the goals of environmental policies. We examine the means of environmental policy, that is, the choice of specific policy instruments, beginning with an examination of potential criteria for assessing alternative instruments, with particular focus on cost-effectiveness .The theoretical foundations and experiential highlights of individual instruments are reviewed, including conventional, command-and-control mechanisms, market-based instruments, and liability rules. Three cross-cutting issues receive attention: uncertainty; technological change; and distributional considerations. We identify normative lessons in regard to design, implementation, and the identification of new applications, and we examine positive issues: the historical dominance of command-and-control; the prevalence in new proposals of tradeable permits allocated without charge; and the relatively recent increase in attention given to market-based instruments. We also examine the question of how environmental responsibility is and should be allocated among the various levels of government .We provide a positive review of the responsibilities of Federal, state, and local levels of government in the environmental realm, plus a normative assessment of this allocation of regulatory responsibility. We focus on three arguments that have been made for Federal environmental regulation: competition among political jurisdictions and the race to the bottom; transboundary environmental problems; and public choice and systematic bias.
=530  \\$aAlso available in PDF from the NBER world wide web site (www.nber.org).
=540  \\$aBritish Library not licensed to copy$c0$5Uk
=650  \0$aEnvironmental law$xEconomic aspects.
=650  \0$aEnvironmental policy$xEconomic aspects.
=700  1\$aStavins, R. N.$q(Robert N.),$d1948-
=710  2\$aNational Bureau of Economic Research.
=830  \0$aWorking paper series (National Bureau of Economic Research) ;$vworking paper no. 13575.
=852  41$aBritish Library$bDSC$j6067.719500$ino. 13575
=856  41$uhttp://www.nber.org/papers/W13575
=ACF  \\$aBritish Library not licensed to copy$c0$e01-oct-2013$hC$iCFP Excluded$5Uk
=CAT  \\$a8411$b40$c20071206$lBLL01$h1137
=CAT  \\$a8411$b40$c20071206$lBLL01$h1138
=CAT  \\$aBATCH-CLA$b00$c20130527$lBLL01$h0130
=CAT  \\$aBATCH-CLA$b00$c20130630$lBLL01$h1630
=CAT  \\$aIPL-CLA$c20130701$lBLL01$h0117
=CAT  \\$aBATCH-CLA$b00$c20130702$lBLL01$h0202
=CAT  \\$aBATCH-CLA$b00$c20130929$lBLL01$h1619
=CAT  \\$aIPL-CLA$c20130930$lBLL01$h1757
=CAT  \\$aBATCH-CLA$b00$c20131202$lBLL01$h0331
=CAT  \\$aIPL-CLA$c20140101$lBLL01$h0046
=CAT  \\$aBATCH-CLA$b00$c20140327$lBLL01$h1829
=CAT  \\$aIPL-CLA$c20140331$lBLL01$h1633
=CAT  \\$aW2308-1659$c20230923$lBLL01$h1115
=CAT  \\$aBATCH-CLA$b00$c20230924$lBLL01$h0649
=CFI  0\$aBritish Library not licensed to copy$c0$e01-apr-2014$hC$iCFP Excluded$5Uk
=FIN  \\$aY$d20071206
=FMT  \\$a  BK
=LAS  \\$aBATCH-CLA$b00$c20230924$lBLL01$h0649
=SID  \\$aZ39$bOCLC
=TCO  \\$aTRS$bCCC$c008

