=LDR  04193cam a22006377a 4500
=001  014466164
=003  Uk
=005  20230924064927.0
=007  cr\mn|||||||||
=008  071130s2007\\\\maua\\\\\b\\\\000\0\eng\d
=035  \\$a(OCoLC)182621158
=040  \\$aGZM$cGZM
=100  1\$aBordo, Michael D.
=245  10$aForeign capital and economic growth in the first era of globalization /$cMichael D. Bordo, Christopher M. Meissner.
=260  \\$aCambridge, Mass. :$bNational Bureau of Economic Research,$cc2007.
=300  \\$a50 p. :$bill. ;$c22 cm.
=336  \\$atext$2rdacontent
=337  \\$acomputer$2rdamedia
=338  \\$aonline resource$2rdacarrier
=490  1\$aNBER working paper series ;$vno. 13577
=500  \\$a"November 2007"
=504  \\$aIncludes bibliographical references (p. 33-37).
=520  \\$aWe explore the association between economic growth and participation in the international capital market. In standard growth regressions, we find mixed evidence of any association between economic growth and foreign capital inflows. If there is an impact, it comes with a long lag and it is transitory having no impact on either the steady state or the short run growth rate. This suggests a view that there were long gestation lags of large fixed investments and it is also consistent with a neoclassical growth model. We also argue for a negative indirect channel via financial crises. These followed on the heels of large inflows and sudden stops of capital inflows often erasing the equivalent of several years of growth. We then take a balance sheet perspective on crises and explore other determinants of debt crises and currency crises including the currency composition of debt, debt intolerance and the role of political institutions. We argue that the set of countries that gained the least from capital flows in terms of growth outcomes in this period were those that had currency crises, foreign currency exposure on their national balance sheets, poorly developed financial markets and presidential political systems. Countries with credible commitments and sound fiscal and financial policies avoided major financial crises and achieved higher per capita incomes by the end of the period despite the potential of facing sudden stops of capital inflows, major current account reversals and currency crises that accompanied international capital markets free of capital controls.
=530  \\$aAlso available in PDF from the NBER World Wide Web site (www.nber.org).
=540  \\$aBritish Library not licensed to copy$c0$5Uk
=650  \0$aGlobalization$xHistory$y19th century.
=650  \0$aGlobalization$xHistory$y20th century.
=650  \0$aEconomic development$xHistory$y19th century.
=650  \0$aEconomic development$xHistory$y20th century.
=650  \0$aInvestments, Foreign.
=650  \0$aFinancial crises.
=700  1\$aMeissner, Christopher M.$q(Christopher Michael).
=710  2\$aNational Bureau of Economic Research.
=830  \0$aWorking paper series (National Bureau of Economic Research) ;$vworking paper no. 13577.
=852  41$aBritish Library$bDSC$j6067.719500$ino. 13577
=856  41$uhttp://www.nber.org/papers/W13577
=ACF  \\$aBritish Library not licensed to copy$c0$e01-oct-2013$hC$iCFP Excluded$5Uk
=CAT  \\$a8411$b40$c20071206$lBLL01$h1152
=CAT  \\$aBATCH-CLA$b00$c20130527$lBLL01$h0130
=CAT  \\$aBATCH-CLA$b00$c20130630$lBLL01$h1630
=CAT  \\$aIPL-CLA$c20130701$lBLL01$h0117
=CAT  \\$aBATCH-CLA$b00$c20130702$lBLL01$h0202
=CAT  \\$aBATCH-CLA$b00$c20130929$lBLL01$h1619
=CAT  \\$aIPL-CLA$c20130930$lBLL01$h1757
=CAT  \\$aBATCH-CLA$b00$c20131202$lBLL01$h0331
=CAT  \\$aIPL-CLA$c20140101$lBLL01$h0046
=CAT  \\$aBATCH-CLA$b00$c20140327$lBLL01$h1829
=CAT  \\$aIPL-CLA$c20140331$lBLL01$h1633
=CAT  \\$aBATCH-UPD$b00$c20180620$lBLL01$h1624
=CAT  \\$aW2308-1659$c20230923$lBLL01$h1115
=CAT  \\$aBATCH-CLA$b00$c20230924$lBLL01$h0649
=CFI  0\$aBritish Library not licensed to copy$c0$e01-apr-2014$hC$iCFP Excluded$5Uk
=FMT  \\$a  BK
=LAS  \\$aBATCH-CLA$b00$c20230924$lBLL01$h0649
=SID  \\$aZ39$bOCLC
=TCO  \\$aTRS$bCCC$c008

