=LDR  03365cam a22006257a 4500
=001  014466370
=003  Uk
=005  20230924064928.0
=007  cr\mn|||||||||
=008  071120s2007\\\\mau\\\\\\b\\\\000\0\eng\d
=035  \\$a(OCoLC)181658584
=040  \\$aIUL$cIUL$dGZM$dUk
=100  1\$aBurkhauser, Richard V.
=245  10$aWho gets what from employer pay or play mandates? /$cRichard V. Burkhauser, Kosali I. Simon.
=260  \\$aCambridge, Mass. :$bNational Bureau of Economic Research,$cc2007.
=300  \\$a32, 3 p. ;$c22 cm.
=336  \\$atext$2rdacontent
=337  \\$acomputer$2rdamedia
=338  \\$aonline resource$2rdacarrier
=490  1\$aNBER working paper series ;$vno. 13578
=500  \\$a"November 2007".
=504  \\$aIncludes bibliographical references (p. 26-28).
=520  \\$aCritics of pay or play mandates, borrowing from the large empirical minimum wage literature, provide evidence that they reduce employment. Borrowing from a smaller empirical minimum wage literature, we provide evidence that they also are a blunt instrument for funding health insurance for the working poor. The vast majority of those who benefit from pay or play mandates which require employers to either provide appropriate health insurance for their workers or pay a flat per hour tax to offset the cost of health care live in families with incomes twice the poverty line or more and, depending on how coverage is determined, the mandate will leave a significant share of the working poor ineligible for such benefits either because their hourly wage rate is too high or they work for smaller exempt firms.
=530  \\$aAlso available in PDF from the NBER world wide web site (www.nber.org).
=540  \\$aBritish Library not licensed to copy$c0$5Uk
=650  \0$aInsurance, Health$xLaw and legislation$xEconomic aspects.
=650  \0$aEmployer-sponsored health insurance$xLaw and legislation$xEconomic aspects.
=650  \0$aWorking poor$xInsurance requirements.
=700  1\$aSimon, Kosali Ilayperuma.
=710  2\$aNational Bureau of Economic Research.
=830  \0$aWorking paper series (National Bureau of Economic Research) ;$vworking paper no. 13578.
=852  41$aBritish Library$bDSC$j6067.719500$ino. 13578
=856  41$uhttp://www.nber.org/papers/W13578
=ACF  \\$aBritish Library not licensed to copy$c0$e01-oct-2013$hC$iCFP Excluded$5Uk
=CAT  \\$a8411$b40$c20071206$lBLL01$h1308
=CAT  \\$a8411$b40$c20071206$lBLL01$h1309
=CAT  \\$a8411$b40$c20071206$lBLL01$h1320
=CAT  \\$aBATCH-CLA$b00$c20130527$lBLL01$h0130
=CAT  \\$aBATCH-CLA$b00$c20130630$lBLL01$h1630
=CAT  \\$aIPL-CLA$c20130701$lBLL01$h0117
=CAT  \\$aBATCH-CLA$b00$c20130702$lBLL01$h0202
=CAT  \\$aBATCH-CLA$b00$c20130929$lBLL01$h1619
=CAT  \\$aIPL-CLA$c20130930$lBLL01$h1757
=CAT  \\$aBATCH-CLA$b00$c20131202$lBLL01$h0331
=CAT  \\$aIPL-CLA$c20140101$lBLL01$h0046
=CAT  \\$aBATCH-CLA$b00$c20140327$lBLL01$h1829
=CAT  \\$aIPL-CLA$c20140331$lBLL01$h1633
=CAT  \\$aW2308-1659$c20230923$lBLL01$h1115
=CAT  \\$aBATCH-CLA$b00$c20230924$lBLL01$h0649
=CFI  0\$aBritish Library not licensed to copy$c0$e01-apr-2014$hC$iCFP Excluded$5Uk
=FIN  \\$aY$d20071206
=FMT  \\$a  BK
=LAS  \\$aBATCH-CLA$b00$c20230924$lBLL01$h0649
=SID  \\$aZ39$bOCLC
=TCO  \\$aTRS$bCCC$c008

