=LDR  04101cam a22005897a 4500
=001  014466387
=003  Uk
=005  20230924064928.0
=007  cr\mn|||||||||
=008  071120s2007\\\\maua\\\\\b\\\\000\0\eng\d
=035  \\$a(OCoLC)181658905
=040  \\$aIUL$cIUL$dGZM$dUk
=043  \\$ae-po---
=100  1\$aBoeheim, René.
=245  10$aTemporary help services employment in Portugal, 1995-2000 /$cRene Boeheim, Ana Rute Cardoso.
=260  \\$aCambridge, Mass. :$bNational Bureau of Economic Research,$cc2007.
=300  \\$a33 p. :$bill. ;$c22 cm.
=336  \\$atext$2rdacontent
=337  \\$acomputer$2rdamedia
=338  \\$aonline resource$2rdacarrier
=490  1\$aNBER working paper series ;$vno. 13582
=500  \\$a"November 2007".
=504  \\$aIncludes bibliographical references (p. 17-18).
=520  \\$aWhereas there is widespread belief that workers in temporary help services (THS) are subject to poorer working conditions, in particular pay, than comparable workers in the rest of the economy, there is little evidence on whether that is driven by the sector per se or by the workers' characteristics. The first aim of this analysis is to quantify the wage penalty, if any, for workers in THS firms. Secondly, we analyze the wage profile of workers right before and after spells of THS. Linked employer-employee data for Portugal enable us to account for observable as well as unobservable worker quality. Our results show that workers in THS firms earn lower wages than their peers and that this difference is mostly due to the workers' characteristics. We estimate that workers in THS firms earn on average 9% less than comparable workers in the rest of the economy if we control for the workers' observable attributes only. This difference is reduced to about 1% when we control for unobservable characteristics as well. However, interesting differences emerge across groups. Younger workers, both men and women, earn higher wages in TAW than their peers in other firms, while the opposite holds for prime-age and older workers. Moreover, for young workers THS firms is not associated with a stigma effect that slows their wage progression after they work for THS, as opposed to prime-age and older workers, in particular males. Also before entering THS the wage trends are different. Prime-age and older workers, both male and female, see their wages deteriorate relative to their peers before entering THS, suggesting that adverse labor market conditions may motivate them to search for a THS job. On the contrary, for young workers we do not detect any pre-THS wage trend.
=530  \\$aAlso available in PDF from the NBER world wide web site (www.nber.org).
=540  \\$aBritish Library not licensed to copy$c0$5Uk
=650  \0$aTemporary employees$zPortugal$xEconomic conditions.
=700  1\$aCardoso, Ana Rute.
=710  2\$aNational Bureau of Economic Research.
=830  \0$aWorking paper series (National Bureau of Economic Research) ;$vworking paper no. 13582.
=852  41$aBritish Library$bDSC$j6067.719500$ino. 13582
=856  41$uhttp://www.nber.org/papers/W13582
=ACF  \\$aBritish Library not licensed to copy$c0$e01-oct-2013$hC$iCFP Excluded$5Uk
=CAT  \\$a8411$b40$c20071206$lBLL01$h1317
=CAT  \\$aBATCH-CLA$b00$c20130527$lBLL01$h0130
=CAT  \\$aBATCH-CLA$b00$c20130630$lBLL01$h1630
=CAT  \\$aIPL-CLA$c20130701$lBLL01$h0117
=CAT  \\$aBATCH-CLA$b00$c20130702$lBLL01$h0202
=CAT  \\$aBATCH-CLA$b00$c20130929$lBLL01$h1619
=CAT  \\$aIPL-CLA$c20130930$lBLL01$h1757
=CAT  \\$aBATCH-CLA$b00$c20131202$lBLL01$h0331
=CAT  \\$aIPL-CLA$c20140101$lBLL01$h0046
=CAT  \\$aBATCH-CLA$b00$c20140327$lBLL01$h1829
=CAT  \\$aIPL-CLA$c20140331$lBLL01$h1633
=CAT  \\$aW2308-1659$c20230923$lBLL01$h1115
=CAT  \\$aBATCH-CLA$b00$c20230924$lBLL01$h0649
=CFI  0\$aBritish Library not licensed to copy$c0$e01-apr-2014$hC$iCFP Excluded$5Uk
=FIN  \\$aY$d20071206
=FMT  \\$a  BK
=LAS  \\$aBATCH-CLA$b00$c20230924$lBLL01$h0649
=SID  \\$aZ39$bOCLC
=TCO  \\$aTRS$bCCC$c008

