=LDR  02921cam a22006137a 4500
=001  014477180
=003  Uk
=005  20230924064928.0
=007  cr\mn|||||||||
=008  071214s2007\\\\mauab\\\\b\\\\000\0\eng\d
=035  \\$a(OCoLC)183886400
=040  \\$aGZM$cGZM$dUk
=100  10$aLa Porta, Rafael.
=245  14$aThe economic consequences of legal origins /$cRafael La Porta, Florencio Lopez-de-Silanes, Andrei Shleifer.
=260  \\$aCambridge, Mass. :$bNational Bureau of Economic Research,$cc2007.
=300  \\$a78, [14] p. :$bill., map ;$c22 cm.
=336  \\$atext$2rdacontent
=337  \\$acomputer$2rdamedia
=338  \\$aonline resource$2rdacarrier
=490  1\$aNBER working paper series ;$vno. 13608
=500  \\$a"November 2007."
=504  \\$aIncludes bibliographical references (p. 67-78).
=520  \\$aIn the last decade, economists have produced a considerable body of research suggesting that the historical origin of a country's laws is highly correlated with a broad range of its legal rules and regulations, as well as with economic outcomes. We summarize this evidence and attempt a unified interpretation. We also address several objections to the empirical claim that legal origins matter. Finally, we assess the implications of this research for economic reform.
=530  \\$aAlso available in PDF from the NBER World Wide Web site (www.nber.org).
=540  \\$aBritish Library not licensed to copy$c0$5Uk
=650  \0$aLaw$xHistory$xEconomic aspects.
=700  1\$aLopez-de-Silanes, Florencio.
=700  1\$aShleifer, Andrei.
=710  2\$aNational Bureau of Economic Research.
=830  \0$aWorking paper series (National Bureau of Economic Research) ;$vworking paper no. 13608.
=852  41$aBritish Library$bDSC$j6067.719500$ino. 13608
=856  41$uhttp://www.nber.org/papers/W13608
=ACF  \\$aBritish Library not licensed to copy$c0$e01-oct-2013$hC$iCFP Excluded$5Uk
=CAT  \\$a10775$b40$c20071219$lBLL01$h1109
=CAT  \\$aBATCH-CLA$b00$c20130527$lBLL01$h0130
=CAT  \\$aBATCH-CLA$b00$c20130630$lBLL01$h1630
=CAT  \\$aIPL-CLA$c20130701$lBLL01$h0118
=CAT  \\$aBATCH-CLA$b00$c20130702$lBLL01$h0202
=CAT  \\$aBATCH-CLA$b00$c20130929$lBLL01$h1619
=CAT  \\$aIPL-CLA$c20130930$lBLL01$h1758
=CAT  \\$aBATCH-CLA$b00$c20131202$lBLL01$h0331
=CAT  \\$aIPL-CLA$c20140101$lBLL01$h0046
=CAT  \\$aBATCH-CLA$b00$c20140327$lBLL01$h1829
=CAT  \\$aIPL-CLA$c20140331$lBLL01$h1633
=CAT  \\$aBATCH-UPD$b00$c20211217$lBLL01$h2058
=CAT  \\$aBATCH-CLA$b00$c20211218$lBLL01$h0138
=CAT  \\$aW2308-1659$c20230923$lBLL01$h1116
=CAT  \\$aBATCH-CLA$b00$c20230924$lBLL01$h0649
=CFI  0\$aBritish Library not licensed to copy$c0$e01-apr-2014$hC$iCFP Excluded$5Uk
=FIN  \\$aY$d20071219
=FMT  \\$a  BK
=LAS  \\$aBATCH-CLA$b00$c20230924$lBLL01$h0649
=SID  \\$aZ39$bOCLC
=TCO  \\$aTRS$bCCC$c008

