=LDR  03504cam a22006017a 4500
=001  014477302
=003  Uk
=005  20230924064928.0
=007  cr\mn|||||||||
=008  071205s2007\\\\maua\\\\\b\\\\000\0\eng\d
=035  \\$a(OCoLC)182848062
=040  \\$aIUL$cIUL$dGZM$dUk
=100  1\$aSand, Edith.
=245  14$aThe political-economy positive role of the social security system in sustaining immigration (but not vice versa) /$cEdith Sand, Assaf Razin.
=260  \\$aCambridge, Mass. :$bNational Bureau of Economic Research,$cc2007.
=300  \\$a42 p. :$bill. ;$c22 cm.
=336  \\$atext$2rdacontent
=337  \\$acomputer$2rdamedia
=338  \\$aonline resource$2rdacarrier
=490  1\$aNBER working paper series ;$vno. 13598
=500  \\$a"November 2007."
=504  \\$aIncludes bibliographical references (p. 40-42).
=520  \\$aIn the political-economy debate people express the idea that immigrants are good because they can help pay for the old, thus help sustaining the social security system. In addition, the median voter whose income derives from wages will wish to keep out the immigrants who will depress his/her wage. Therefore the decisive voter will keep migrants out. The paper addresses these two accepted propositions. For this purpose we develop an OLG political economy model of social security and migration to explore how migration policy and a pay-as-you-go (PAYG) social security system are jointly determined. The sub-game perfect Markov , depends on the different patterns of fertility rates among native born and migrants. Our analysis demonstrates that a social security system may change the first proposition significantly because the median voter may opt to bring in migrants to help him/her during retirement. As for the second proposition we get a significantly nuanced version. Not always immigration helps sustain the social security.
=530  \\$aAlso available in PDF from the NBER world wide web site (www.nber.org).
=540  \\$aBritish Library not licensed to copy$c0$5Uk
=650  \0$aSocial security.
=650  \0$aEmigration and immigration$xGovernment policy$xEconomic aspects.
=650  \0$aEmigration and immigration$xGovernment policy$xPolitical aspects.
=700  1\$aRazin, Assaf.
=710  2\$aNational Bureau of Economic Research.
=830  \0$aWorking paper series (National Bureau of Economic Research) ;$vworking paper no. 13598.
=852  41$aBritish Library$bDSC$j6067.719500$ino. 13598
=856  41$uhttp://www.nber.org/papers/W13598
=ACF  \\$aBritish Library not licensed to copy$c0$e01-oct-2013$hC$iCFP Excluded$5Uk
=CAT  \\$a10775$b40$c20071219$lBLL01$h1254
=CAT  \\$aBATCH-CLA$b00$c20130527$lBLL01$h0130
=CAT  \\$aBATCH-CLA$b00$c20130630$lBLL01$h1630
=CAT  \\$aIPL-CLA$c20130701$lBLL01$h0118
=CAT  \\$aBATCH-CLA$b00$c20130702$lBLL01$h0202
=CAT  \\$aBATCH-CLA$b00$c20130929$lBLL01$h1619
=CAT  \\$aIPL-CLA$c20130930$lBLL01$h1758
=CAT  \\$aBATCH-CLA$b00$c20131202$lBLL01$h0331
=CAT  \\$aIPL-CLA$c20140101$lBLL01$h0046
=CAT  \\$aBATCH-CLA$b00$c20140327$lBLL01$h1829
=CAT  \\$aIPL-CLA$c20140331$lBLL01$h1633
=CAT  \\$aW2308-1659$c20230923$lBLL01$h1116
=CAT  \\$aBATCH-CLA$b00$c20230924$lBLL01$h0649
=CFI  0\$aBritish Library not licensed to copy$c0$e01-apr-2014$hC$iCFP Excluded$5Uk
=FIN  \\$aY$d20071219
=FMT  \\$a  BK
=LAS  \\$aBATCH-CLA$b00$c20230924$lBLL01$h0649
=SID  \\$aZ39$bOCLC
=TCO  \\$aTRS$bCCC$c008

