=LDR  03783cam a22006257a 4500
=001  014477305
=003  Uk
=005  20230924064928.0
=007  cr\mn|||||||||
=008  071205s2007\\\\mau\\\\\\b\\\\000\0\eng\d
=035  \\$a(OCoLC)182848112
=040  \\$aIUL$cIUL$dGZM$dUk
=100  1\$aAnanat, Elizabeth Oltmans.
=245  10$aSegregation and Black political efficacy /$cElizabeth Oltmans Ananat, Ebonya L. Washington.
=260  \\$aCambridge, Mass. :$bNational Bureau of Economic Research,$cc2007.
=300  \\$a48 p. ;$c22 cm.
=336  \\$atext$2rdacontent
=337  \\$acomputer$2rdamedia
=338  \\$aonline resource$2rdacarrier
=490  1\$aNBER working paper series ;$vno. 13606
=500  \\$a"November 2007."
=504  \\$aIncludes bibliographical references (p. 33-35).
=520  \\$aThe impact of segregation on Black political efficacy is theoretically ambiguous. On one hand, increased contact among Blacks in more segregated areas may mean that Blacks are better able to coordinate political behavior. On the other hand, lesser contact with non-Blacks may mean that Blacks have less political influence over voters of other races. We find that exogenous increases in segregation lead to decreases in Black civic efficacy, as measured by an ability to elect Representatives who vote liberally and more specifically in favor of legislation that is favored by Blacks. This tendency for Representatives from more segregated MSAs to vote more conservatively arises in spite of the fact that Blacks in more segregated areas hold more liberal political views than do Blacks in less segregated locales. We find evidence that this decrease in efficacy is driven by greater divergence between Black and non-Black political views in the most segregated areas. Because Blacks are a minority in every MSA, increased divergence by race implies that the mean Black voter viewpoint is farther away from the mean voter viewpoint. Thus, reduced Black political efficacy may be one reason that Blacks in exogenously more segregated areas experience worse economic outcomes.
=530  \\$aAlso available in PDF from the NBER world wide web site (www.nber.org).
=540  \\$aBritish Library not licensed to copy$c0$5Uk
=650  \0$aBlack people$xSegregation$xPolitical aspects.
=650  \0$aDiscrimination in housing$xPolitical aspects.
=700  1\$aWashington, Ebonya.
=710  2\$aNational Bureau of Economic Research.
=830  \0$aWorking paper series (National Bureau of Economic Research) ;$vworking paper no. 13606.
=852  41$aBritish Library$bDSC$j6067.719500$ino. 13606
=856  41$uhttp://www.nber.org/papers/W13606
=ACF  \\$aBritish Library not licensed to copy$c0$e01-oct-2013$hC$iCFP Excluded$5Uk
=CAT  \\$a10775$b40$c20071219$lBLL01$h1258
=CAT  \\$a12179$b40$c20100810$lBLL01$h1050
=CAT  \\$aBATCH-CLA$b00$c20130527$lBLL01$h0130
=CAT  \\$aBATCH-CLA$b00$c20130630$lBLL01$h1630
=CAT  \\$aIPL-CLA$c20130701$lBLL01$h0118
=CAT  \\$aBATCH-CLA$b00$c20130702$lBLL01$h0202
=CAT  \\$aBATCH-CLA$b00$c20130929$lBLL01$h1619
=CAT  \\$aIPL-CLA$c20130930$lBLL01$h1758
=CAT  \\$aBATCH-CLA$b00$c20131202$lBLL01$h0331
=CAT  \\$aIPL-CLA$c20140101$lBLL01$h0046
=CAT  \\$aBATCH-CLA$b00$c20140327$lBLL01$h1829
=CAT  \\$aIPL-CLA$c20140331$lBLL01$h1633
=CAT  \\$a11249$b40$c20230320$lBLL01$h1720
=CAT  \\$aBATCH-CLA$b00$c20230321$lBLL01$h0107
=CAT  \\$aW2308-1659$c20230923$lBLL01$h1116
=CAT  \\$aBATCH-CLA$b00$c20230924$lBLL01$h0649
=CFI  0\$aBritish Library not licensed to copy$c0$e01-apr-2014$hC$iCFP Excluded$5Uk
=FIN  \\$aY$d20071219
=FMT  \\$a  BK
=LAS  \\$aBATCH-CLA$b00$c20230924$lBLL01$h0649
=SID  \\$aZ39$bOCLC
=TCO  \\$aTRS$bCCC$c008

