=LDR  04018cam a2200589 a 4500
=001  014477309
=003  Uk
=005  20230924064928.0
=007  cr\mn|||||||||
=008  071130s2007\\\\mau\\\\\\b\\\\000\0\eng\d
=035  \\$a(OCoLC)182621291
=040  \\$aUPM$cUPM$dGZM$dUk
=050  14$aHB1$b.W654 no. 13595
=100  1\$aWada, Roy.
=245  10$aBody composition and wages /$cRoy Wada, Erdal Tekin.
=260  \\$aCambridge, Mass. :$bNational Bureau of Economic Research,$cc2007.
=300  \\$a68 p. ;$c22 cm.
=336  \\$atext$2rdacontent
=337  \\$acomputer$2rdamedia
=338  \\$aonline resource$2rdacarrier
=490  1\$aNBER working paper series ;$vworking paper 13595
=500  \\$a"November 2007."
=504  \\$aIncludes bibliographical references (p. 43-50).
=520  \\$aThis paper examines the effect of body composition on wages. We develop measures of body composition - body fat (BF) and fat-free mass (FFM) - using data on bioelectrical impedance analysis (BIA) that are available in the National Health and Nutrition Examination Survey III and estimate wage models for respondents in the National Longitudinal Survey of Youth 1979. Our results indicate that increased body fat is unambiguously associated with decreased wages for both males and females. This result is in contrast to the mixed and sometimes inconsistent results from the previous research using body mass index (BMI). We also find new evidence indicating that a higher level of fat-free body mass is consistently associated with increased hourly wages. We present further evidence that these results are not the artifacts of unobserved heterogeneity. Our findings are robust to numerous specification checks and to a large number of alternative BIA prediction equations from which the body composition measures are derived. Our work addresses an important limitation of the current literature on the economics of obesity. Previous research relied on body weight or BMI for measuring obesity despite the growing agreement in the medical literature that they represent misleading measures of obesity because of their inability to distinguish between body fat and fat-free body mass. Body composition measures used in this paper represent significant improvements over the previously used measures because they allow for the effects of fat and fat free components of body composition to be separately identified. Our work also contributes to the growing literature on the role of non-cognitive characteristics on wage determination.
=530  \\$aAlso available in PDF from the NBER World Wide Web site (www.nber.org).
=540  \\$aBritish Library not licensed to copy$c0$5Uk
=650  \0$aBody composition$xEconomic aspects$zUnited States.
=700  1\$aTekin, Erdal.
=710  2\$aNational Bureau of Economic Research.
=830  \0$aWorking paper series (National Bureau of Economic Research) ;$vworking paper no. 13595.
=852  41$aBritish Library$bDSC$j6067.719500$ino. 13595
=856  41$uhttp://www.nber.org/papers/W13595
=ACF  \\$aBritish Library not licensed to copy$c0$e01-oct-2013$hC$iCFP Excluded$5Uk
=CAT  \\$a10775$b40$c20071219$lBLL01$h1301
=CAT  \\$aBATCH-CLA$b00$c20130527$lBLL01$h0130
=CAT  \\$aBATCH-CLA$b00$c20130630$lBLL01$h1630
=CAT  \\$aIPL-CLA$c20130701$lBLL01$h0118
=CAT  \\$aBATCH-CLA$b00$c20130702$lBLL01$h0202
=CAT  \\$aBATCH-CLA$b00$c20130929$lBLL01$h1619
=CAT  \\$aIPL-CLA$c20130930$lBLL01$h1758
=CAT  \\$aBATCH-CLA$b00$c20131202$lBLL01$h0331
=CAT  \\$aIPL-CLA$c20140101$lBLL01$h0046
=CAT  \\$aBATCH-CLA$b00$c20140327$lBLL01$h1829
=CAT  \\$aIPL-CLA$c20140331$lBLL01$h1633
=CAT  \\$aW2308-1659$c20230923$lBLL01$h1116
=CAT  \\$aBATCH-CLA$b00$c20230924$lBLL01$h0649
=CFI  0\$aBritish Library not licensed to copy$c0$e01-apr-2014$hC$iCFP Excluded$5Uk
=FIN  \\$aY$d20071219
=FMT  \\$a  BK
=LAS  \\$aBATCH-CLA$b00$c20230924$lBLL01$h0649
=SID  \\$aZ39$bOCLC
=TCO  \\$aTRS$bCCC$c008

