=LDR  03832cam a22006257a 4500
=001  014477313
=003  Uk
=005  20230924064928.0
=007  cr\mn|||||||||
=008  071205s2007\\\\maua\\\\\b\\\\000\0\eng\d
=035  \\$a(OCoLC)182847979
=040  \\$aIUL$cIUL$dGZM$dUk
=043  \\$an-us---
=100  1\$aKaboski, Joseph Paul.
=245  10$aFactor endowments and the returns to skill :$bnew evidence from the American past /$cJoseph Kaboski, Trevon D. Logan.
=260  \\$aCambridge, Mass. :$bNational Bureau of Economic Research,$cc2007.
=300  \\$a35, [12] p. :$bill. ;$c22 cm.
=336  \\$atext$2rdacontent
=337  \\$acomputer$2rdamedia
=338  \\$aonline resource$2rdacarrier
=490  1\$aNBER working paper series ;$vno. 13589
=500  \\$a"November 2007."
=504  \\$aIncludes bibliographical references (p. 28-30).
=520  \\$aThe existing literature on skill-biased technical change has not considered how the technological endowment itself plays a role in the returns to skill. This paper constructs a simple model of skill biased technical change which highlights the role that resource endowments play in the returns to education. The model predicts variation in returns to education with skill biased technological change if there is significant heterogeneity in resource endowments before the technological change. Using a variety of historical sources, we document the heterogeneous technology levels by region in the American past. We then estimate the returns to education of high school teachers in the early twentieth century using a new data source. a report from the U.S. Commissioner of Education in 1909. Overall, we find significant regional variation in the returns to education that match differences in resource endowments, with large (within-occupation) returns for the Midwest and Southwest (7%), but much lower returns in the South (3%) and West (0.5%). We also show that our results are generalizable to returns to education in the United States and that returns to education for teachers tracked quite closely with the overall returns to education from 1940 onward.
=530  \\$aAlso available in PDF from the NBER world wide web site (www.nber.org).
=540  \\$aBritish Library not licensed to copy$c0$5Uk
=650  \0$aTechnological innovations$xEconomic aspects$zUnited States$xHistory.
=650  \0$aEducation$xEconomic aspects$zUnited States$xHistory.
=700  1\$aLogan, Trevon D.$q(Trevon D'Marcus).
=710  2\$aNational Bureau of Economic Research.
=830  \0$aWorking paper series (National Bureau of Economic Research) ;$vworking paper no. 13589.
=852  41$aBritish Library$bDSC$j6067.719500$ino. 13589
=856  41$uhttp://www.nber.org/papers/W13589
=ACF  \\$aBritish Library not licensed to copy$c0$e01-oct-2013$hC$iCFP Excluded$5Uk
=CAT  \\$a10775$b40$c20071219$lBLL01$h1304
=CAT  \\$aBATCH-CLA$b00$c20130527$lBLL01$h0130
=CAT  \\$aBATCH-CLA$b00$c20130630$lBLL01$h1630
=CAT  \\$aIPL-CLA$c20130701$lBLL01$h0118
=CAT  \\$aBATCH-CLA$b00$c20130702$lBLL01$h0202
=CAT  \\$aBATCH-CLA$b00$c20130929$lBLL01$h1619
=CAT  \\$aIPL-CLA$c20130930$lBLL01$h1758
=CAT  \\$aBATCH-CLA$b00$c20131202$lBLL01$h0331
=CAT  \\$aIPL-CLA$c20140101$lBLL01$h0046
=CAT  \\$aBATCH-CLA$b00$c20140327$lBLL01$h1829
=CAT  \\$aIPL-CLA$c20140331$lBLL01$h1633
=CAT  \\$aBATCH-UPD$b00$c20191004$lBLL01$h2356
=CAT  \\$aBATCH-CLA$b00$c20191005$lBLL01$h0104
=CAT  \\$aW2308-1659$c20230923$lBLL01$h1116
=CAT  \\$aBATCH-CLA$b00$c20230924$lBLL01$h0649
=CFI  0\$aBritish Library not licensed to copy$c0$e01-apr-2014$hC$iCFP Excluded$5Uk
=FIN  \\$aY$d20071219
=FMT  \\$a  BK
=LAS  \\$aBATCH-CLA$b00$c20230924$lBLL01$h0649
=SID  \\$aZ39$bOCLC
=TCO  \\$aTRS$bCCC$c008

