=LDR  03221cam a22006137a 4500
=001  014477321
=003  Uk
=005  20230924064928.0
=007  cr\mn|||||||||
=008  071214s2007\\\\mau\\\\\\b\\\\000\0\eng\d
=035  \\$a(OCoLC)183886846
=040  \\$aGZM$cGZM$dUk
=043  \\$an-us---
=100  1\$aCawley, John H.$q(John Horan)
=245  10$aMechanisms for the association between maternal employment and child cognitive development /$cJohn Cawley, Feng Liu.
=260  \\$aCambridge, Mass. :$bNational Bureau of Economic Research,$cc2007.
=300  \\$a24 p. ;$c22 cm.
=336  \\$atext$2rdacontent
=337  \\$acomputer$2rdamedia
=338  \\$aonline resource$2rdacarrier
=490  1\$aNBER working paper series ;$vno. 13609
=500  \\$a"November 2007."
=504  \\$aIncludes bibliographical references (p. 18-19).
=520  \\$aRecent research has found that maternal employment is associated with worse child performance on tests of cognitive ability. This paper explores mechanisms for that correlation. We estimate models of instrumental variables using a unique dataset, the American Time Use Survey, that measure the effect of maternal employment on the mother's allocation of time to activities related to child cognitive development. We find that employed women spend significantly less time reading to their children, helping with homework, and in educational activities in general. We find no evidence that these decreases in time are offset by increases in time by husbands and partners. These findings offer plausible mechanisms for the association of maternal employment with child cognitive development.
=530  \\$aAlso available in PDF from the NBER World Wide Web site (www.nber.org).
=540  \\$aBritish Library not licensed to copy$c0$5Uk
=650  \0$aChildren$xIntelligence levels$zUnited States$xEconometric models.
=650  \0$aMothers$xEmployment.
=650  \0$aMothers$xTime management.
=700  1\$aLiu, Feng.
=710  2\$aNational Bureau of Economic Research.
=830  \0$aWorking paper series (National Bureau of Economic Research) ;$vworking paper no. 13609.
=852  41$aBritish Library$bDSC$j6067.719500$ino. 13609
=856  41$uhttp://www.nber.org/papers/W13609
=ACF  \\$aBritish Library not licensed to copy$c0$e01-oct-2013$hC$iCFP Excluded$5Uk
=CAT  \\$a10775$b40$c20071219$lBLL01$h1310
=CAT  \\$aBATCH-CLA$b00$c20130527$lBLL01$h0130
=CAT  \\$aBATCH-CLA$b00$c20130630$lBLL01$h1630
=CAT  \\$aIPL-CLA$c20130701$lBLL01$h0118
=CAT  \\$aBATCH-CLA$b00$c20130702$lBLL01$h0202
=CAT  \\$aBATCH-CLA$b00$c20130929$lBLL01$h1619
=CAT  \\$aIPL-CLA$c20130930$lBLL01$h1758
=CAT  \\$aBATCH-CLA$b00$c20131202$lBLL01$h0331
=CAT  \\$aIPL-CLA$c20140101$lBLL01$h0046
=CAT  \\$aBATCH-CLA$b00$c20140327$lBLL01$h1829
=CAT  \\$aIPL-CLA$c20140331$lBLL01$h1633
=CAT  \\$aW2308-1659$c20230923$lBLL01$h1116
=CAT  \\$aBATCH-CLA$b00$c20230924$lBLL01$h0649
=CFI  0\$aBritish Library not licensed to copy$c0$e01-apr-2014$hC$iCFP Excluded$5Uk
=FIN  \\$aY$d20071219
=FMT  \\$a  BK
=LAS  \\$aBATCH-CLA$b00$c20230924$lBLL01$h0649
=SID  \\$aZ39$bOCLC
=TCO  \\$aTRS$bCCC$c008

