=LDR  03641cam a2200625 a 4500
=001  014477338
=003  Uk
=005  20230924064928.0
=007  cr\mn|||||||||
=008  071212s2007\\\\maua\\\\\b\\\\000\0\eng\d
=035  \\$a(OCoLC)183401524
=040  \\$aUPM$cUPM$dGZM$dUk
=043  \\$an-us---
=050  14$aHB1$b.W654 no. 13627
=100  1\$aHeiss, Florian,$d1973-
=245  10$aMind the gap! :$bconsumer perceptions and choices of Medicare Part D prescription drug plans /$cFlorian Heiss, Daniel McFadden, Joachim Winter.
=260  \\$aCambridge, Mass. :$bNational Bureau of Economic Research,$cc2007.
=300  \\$a53, [32] p. :$bill. ;$c22 cm.
=336  \\$atext$2rdacontent
=337  \\$acomputer$2rdamedia
=338  \\$aonline resource$2rdacarrier
=490  1\$aNBER working paper series ;$vworking paper 13627
=500  \\$a"November 2007."
=504  \\$aIncludes bibliographical references (p. 51-53).
=520  \\$aMedicare Part D provides prescription drug coverage through Medicare approved plans offered by private insurance companies and HMOs. In this paper, we study the role of current prescription drug use and health risks, related expectations, and subjective factors in the demand for prescription drug insurance. To characterize rational behavior in the complex Part D environment, we develop an intertemporal optimization model of enrollment decisions. We generally find that seniors' choices respond to the incentives provided by their own health status and the market environment as predicted by the optimization model. The proportion of individuals who do not attain the optimal choice is small, but the margin for error is also small since enrollment is transparently optimal for most eligible seniors. Further, there is also evidence that seniors over-react to some salient features of the choice situation, do not take full account of the future benefit and cost consequences of their decisions, or the expected net benefits and risk properties of alternative plans.
=530  \\$aAlso available in PDF from the NBER World Wide Web site (www.nber.org).
=540  \\$aBritish Library not licensed to copy$c0$5Uk
=650  \0$aInsurance, Pharmaceutical services$zUnited States$xDecision making$xEconometric models.
=650  \0$aMedicare$xDecision making$xEconometric models.
=700  1\$aMcFadden, Daniel.
=700  1\$aWinter, Joachim,$d1967-
=710  2\$aNational Bureau of Economic Research.
=830  \0$aWorking paper series (National Bureau of Economic Research) ;$vworking paper no. 13627.
=852  41$aBritish Library$bDSC$j6067.719500$ino. 13627
=856  41$uhttp://www.nber.org/papers/W13627
=ACF  \\$aBritish Library not licensed to copy$c0$e01-oct-2013$hC$iCFP Excluded$5Uk
=CAT  \\$a10775$b40$c20071219$lBLL01$h1326
=CAT  \\$aBATCH-CLA$b00$c20130527$lBLL01$h0130
=CAT  \\$aBATCH-CLA$b00$c20130630$lBLL01$h1630
=CAT  \\$aIPL-CLA$c20130701$lBLL01$h0118
=CAT  \\$aBATCH-CLA$b00$c20130702$lBLL01$h0202
=CAT  \\$aBATCH-CLA$b00$c20130929$lBLL01$h1619
=CAT  \\$aIPL-CLA$c20130930$lBLL01$h1758
=CAT  \\$aBATCH-CLA$b00$c20131202$lBLL01$h0331
=CAT  \\$aIPL-CLA$c20140101$lBLL01$h0046
=CAT  \\$aBATCH-CLA$b00$c20140327$lBLL01$h1829
=CAT  \\$aIPL-CLA$c20140331$lBLL01$h1633
=CAT  \\$aW2308-1659$c20230923$lBLL01$h1116
=CAT  \\$aBATCH-CLA$b00$c20230924$lBLL01$h0649
=CFI  0\$aBritish Library not licensed to copy$c0$e01-apr-2014$hC$iCFP Excluded$5Uk
=FIN  \\$aY$d20071219
=FMT  \\$a  BK
=LAS  \\$aBATCH-CLA$b00$c20230924$lBLL01$h0649
=SID  \\$aZ39$bOCLC
=TCO  \\$aTRS$bCCC$c008

