=LDR  03224cam a22006137a 4500
=001  014477888
=003  Uk
=005  20230924064928.0
=008  071214s2007\\\\mau\\\\\\b\\\\000\0\eng\d
=035  \\$a(OCoLC)183889628
=040  \\$aGZM$cGZM$dUk
=100  10$aChari, V. V.
=245  14$aThe heterogeneous state of modern macroeconomics :$ba reply to Solow /$cV. V. Chari, Patrick J. Kehoe.
=260  \\$aCambridge, Mass. :$bNational Bureau of Economic Research,$cc2007.
=300  \\$a6 p. ;$c22 cm.
=336  \\$atext$2rdacontent
=337  \\$aunmediated$2rdamedia
=338  \\$avolume$2rdacarrier
=490  1\$aNBER working paper series ;$vno. 13400
=500  \\$a"November 2007."
=504  \\$aIncludes bibliographical references (p. 6).
=520  \\$aRobert Solow has criticized our 2006 Journal of Economic Perspectives essay describing "Modern Macroeconomics in Practice." Solow eloquently voices the commonly heard complaint that too much macroeconomic work today starts with a model with a single type of agent. We argue that modern macroeconomics may not end too far from where Solow prefers. He is also critical of how modern macroeconomists use data to construct models. Specifically, he seems to think that calibration is the only way that our models encounter data. To the contrary, we argue that modern macroeconomics uses a wide variety of empirical methods and that this big-tent approach has served macroeconomics well. Solow also questions our claim that modern macroeconomics is firmly grounded in economic theory. We disagree and explain why.
=530  \\$aAlso available in PDF from the NBER World Wide Web site (www.nber.org).
=540  \\$aBritish Library not licensed to copy$c0$5Uk
=600  10$aSolow, Robert M.
=650  \0$aMacroeconomics$xMethodology.
=700  1\$aKehoe, Patrick J.
=710  2\$aNational Bureau of Economic Research.
=830  \0$aWorking paper series (National Bureau of Economic Research) ;$vworking paper no. 13400.
=852  41$aBritish Library$bDSC$j6067.719500$ino. 13655
=856  41$uhttp://www.nber.org/papers/W13400
=ACF  \\$aBritish Library not licensed to copy$c0$e01-oct-2013$hC$iCFP Excluded$5Uk
=CAT  \\$a6098$b40$c20071220$lBLL01$h1148
=CAT  \\$a11317$b40$c20080103$lBLL01$h0921
=CAT  \\$aBATCH-CLA$b00$c20130527$lBLL01$h0130
=CAT  \\$aBATCH-CLA$b00$c20130630$lBLL01$h1630
=CAT  \\$aIPL-CLA$c20130701$lBLL01$h0118
=CAT  \\$aBATCH-CLA$b00$c20130702$lBLL01$h0202
=CAT  \\$aBATCH-CLA$b00$c20130929$lBLL01$h1619
=CAT  \\$aIPL-CLA$c20130930$lBLL01$h1758
=CAT  \\$aBATCH-CLA$b00$c20131202$lBLL01$h0331
=CAT  \\$aIPL-CLA$c20140101$lBLL01$h0046
=CAT  \\$aBATCH-CLA$b00$c20140327$lBLL01$h1829
=CAT  \\$aIPL-CLA$c20140331$lBLL01$h1633
=CAT  \\$aBATCH-UPD$b00$c20200510$lBLL01$h2049
=CAT  \\$aBATCH-CLA$b00$c20200511$lBLL01$h0106
=CAT  \\$aW2308-1659$c20230923$lBLL01$h1116
=CAT  \\$aBATCH-CLA$b00$c20230924$lBLL01$h0649
=CFI  0\$aBritish Library not licensed to copy$c0$e01-apr-2014$hC$iCFP Excluded$5Uk
=FIN  \\$aY$d20080103
=FMT  \\$a  BK
=LAS  \\$aBATCH-CLA$b00$c20230924$lBLL01$h0649
=SID  \\$aZ39$bOCLC
=TCO  \\$aTRS$bCCC$c008

