=LDR  03459cam a22005777a 4500
=001  014477966
=003  Uk
=005  20230924064929.0
=008  071212s2007\\\\mau\\\\\\b\\\\000\0\eng\\
=010  \\$a2007616765
=040  \\$aDLC$cDLC$dUk
=050  00$aHB1
=100  1\$aFullerton, Don.
=245  14$aThe general equilibrium incidence of environmental mandates /$cDon Fullerton, Garth Heutel.
=260  \\$aCambridge, Mass. :$bNational Bureau of Economic Research,$cc2007.
=300  \\$a34 p. ;$c22 cm.
=336  \\$atext$2rdacontent
=337  \\$aunmediated$2rdamedia
=338  \\$avolume$2rdacarrier
=490  1\$aNBER working paper series ;$vworking paper 13645
=504  \\$aIncludes bibliographical references.
=520  3\$a"Regulations that restrict pollution by firms also affect decisions about use of labor and capital. They thus affect relative factor prices, total production, and output prices. For non-revenue-raising environmental mandates, what are the general equilibrium impacts on the wage, the return to capital, and relative output prices? Perhaps surprisingly, we cannot find any existing analytical literature addressing that question. This paper starts with the standard two-sector tax incidence model and modifies one sector to include pollution as a factor of production that can be a complement or substitute for labor or for capital. We then look not at taxes but at four types of mandates, and for each mandate determine conditions that place more of the burden on labor or on capital. Stricter regulation does not always place less burden on the factor that is a better substitute for pollution. Also, a relative restriction on the amount of pollution per unit of output creates an "output-subsidy effect" on factor prices that can offset and reverse the traditional output effect and substitution effect. An analogous effect is found for a relative restriction on pollution per unit of capital"--National Bureau of Economic Research web site.
=530  \\$aAlso available via the Internet.
=540  \\$aBritish Library not licensed to copy$c0$5Uk
=700  1\$aHeutel, Garth.
=710  2\$aNational Bureau of Economic Research.
=830  \0$aWorking paper series (National Bureau of Economic Research) ;$vworking paper no. 13645.
=852  41$aBritish Library$bDSC$j6067.719500$ino. 13645
=856  40$uhttp://papers.nber.org/papers/w13645
=ACF  \\$aBritish Library not licensed to copy$c0$e01-oct-2013$hC$iCFP Excluded$5Uk
=CAT  \\$a6098$b40$c20071220$lBLL01$h1215
=CAT  \\$a11317$b40$c20080103$lBLL01$h1043
=CAT  \\$a11317$b40$c20080103$lBLL01$h1044
=CAT  \\$aBATCH-CLA$b00$c20130527$lBLL01$h0130
=CAT  \\$aBATCH-CLA$b00$c20130630$lBLL01$h1630
=CAT  \\$aIPL-CLA$c20130701$lBLL01$h0118
=CAT  \\$aBATCH-CLA$b00$c20130702$lBLL01$h0202
=CAT  \\$aBATCH-CLA$b00$c20130929$lBLL01$h1619
=CAT  \\$aIPL-CLA$c20130930$lBLL01$h1758
=CAT  \\$aBATCH-CLA$b00$c20131202$lBLL01$h0331
=CAT  \\$aIPL-CLA$c20140101$lBLL01$h0046
=CAT  \\$aBATCH-CLA$b00$c20140327$lBLL01$h1829
=CAT  \\$aIPL-CLA$c20140331$lBLL01$h1633
=CAT  \\$aW2308-1659$c20230923$lBLL01$h1116
=CAT  \\$aBATCH-CLA$b00$c20230924$lBLL01$h0649
=CFI  0\$aBritish Library not licensed to copy$c0$e01-apr-2014$hC$iCFP Excluded$5Uk
=FIN  \\$aY$d20080103
=FMT  \\$a  BK
=LAS  \\$aBATCH-CLA$b00$c20230924$lBLL01$h0649
=SRC  \\$aBLL02
=TCO  \\$aTRS$bCCC$c008

