=LDR  03850cam a22006497a 4500
=001  014478100
=003  Uk
=005  20230924064929.0
=008  071214s2007\\\\maua\\\\\b\\\\000\0\eng\d
=035  \\$a(OCoLC)183887855
=040  \\$aGZM$cGZM$dUk
=100  1\$aSullivan, Daniel.
=245  10$aMortality, mass-layoffs, and career outcomes :$ban analysis using administrative data /$cDaniel Sullivan, Till von Wachter.
=260  \\$aCambridge, Mass. :$bNational Bureau of Economic Research,$cc2007.
=300  \\$a48, [24] p. :$bill. ;$c22 cm.
=336  \\$atext$2rdacontent
=337  \\$aunmediated$2rdamedia
=338  \\$avolume$2rdacarrier
=490  1\$aNBER working paper series ;$vno. 13626
=500  \\$a"November 2007."
=504  \\$aIncludes bibliographical references (p. 40-43).
=520  \\$aThis paper uses administrative data on quarterly employment and earnings matched to death records to estimate the effects of job displacement on mortality. We find that job displacement leads to a 15-20% increase in death rates during the following 20 years. If such increases were sustained beyond this period, they would imply a loss in life expectancy of about 1.5 years for a worker displaced at age 40. These results are robust to extensive controls for sorting and selection, and are consistent with estimates of the effects of job loss on mortality pooling displaced workers and stayers that are not affected by selective job displacement. To examine the channels through which mass layoffs raise mortality, we exploit the panel nature of our data -- covering over 15 years of earnings -- to analyze the correlation of long-run career outcomes, such as the mean and standard deviation of earnings, with mortality at the individual and group level, something not possible with typical data sets. Our findings suggest that factors correlated with a decrease in mean earnings and a rise in standard deviation of earnings have the potential to explain an important fraction of the effect of a job displacement on mortality.
=530  \\$aAlso available in PDF from the NBER World Wide Web site (www.nber.org).
=540  \\$aBritish Library not licensed to copy$c0$5Uk
=650  \0$aMortality$xEconometric models.
=650  \0$aUnemployment$xHealth aspects.
=650  \0$aEmployees$xDismissal of$xHealth aspects.
=650  \0$aCareer development.
=700  1\$aWachter, Till von.
=710  2\$aNational Bureau of Economic Research.
=830  \0$aWorking paper series (National Bureau of Economic Research) ;$vworking paper no. 13626.
=852  41$aBritish Library$bDSC$j6067.719500$ino. 13626
=856  41$uhttp://www.nber.org/papers/W13626
=ACF  \\$aBritish Library not licensed to copy$c0$e01-oct-2013$hC$iCFP Excluded$5Uk
=CAT  \\$a6098$b40$c20071220$lBLL01$h1344
=CAT  \\$a11317$b40$c20080103$lBLL01$h1046
=CAT  \\$aBATCH-CLA$b00$c20130527$lBLL01$h0130
=CAT  \\$aBATCH-CLA$b00$c20130630$lBLL01$h1630
=CAT  \\$aIPL-CLA$c20130701$lBLL01$h0118
=CAT  \\$aBATCH-CLA$b00$c20130702$lBLL01$h0202
=CAT  \\$aBATCH-CLA$b00$c20130929$lBLL01$h1619
=CAT  \\$aIPL-CLA$c20130930$lBLL01$h1758
=CAT  \\$aBATCH-CLA$b00$c20131202$lBLL01$h0331
=CAT  \\$aIPL-CLA$c20140101$lBLL01$h0046
=CAT  \\$aBATCH-CLA$b00$c20140327$lBLL01$h1829
=CAT  \\$aIPL-CLA$c20140331$lBLL01$h1633
=CAT  \\$aBATCH-UPD$b00$c20141220$lBLL01$h2310
=CAT  \\$aBATCH-UPD$b00$c20211209$lBLL01$h2109
=CAT  \\$aBATCH-CLA$b00$c20211210$lBLL01$h0104
=CAT  \\$aW2308-1659$c20230923$lBLL01$h1116
=CAT  \\$aBATCH-CLA$b00$c20230924$lBLL01$h0649
=CFI  0\$aBritish Library not licensed to copy$c0$e01-apr-2014$hC$iCFP Excluded$5Uk
=FIN  \\$aY$d20080103
=FMT  \\$a  BK
=LAS  \\$aBATCH-CLA$b00$c20230924$lBLL01$h0649
=SID  \\$aZ39$bOCLC
=TCO  \\$aTRS$bCCC$c008

