=LDR  03145cam a22005897a 4500
=001  014478120
=003  Uk
=005  20230924064929.0
=008  071130s2007\\\\maua\\\\\b\\\\000\0\eng\d
=035  \\$a(OCoLC)182630394
=040  \\$aIUL$cIUL$dGZM$dUk
=043  \\$ad------
=100  1\$aGourinchas, Pierre-Olivier.
=245  10$aCapital flows to developing countries :$bthe allocation puzzle /$cPierre-Olivier Gourinchas, Olivier Jeanne.
=260  \\$aCambridge, Mass. :$bNational Bureau of Economic Research,$cc2007.
=300  \\$a52 p. :$bill. ;$c22 cm.
=336  \\$atext$2rdacontent
=337  \\$aunmediated$2rdamedia
=338  \\$avolume$2rdacarrier
=490  1\$aNBER working paper series ;$vno. 13602
=500  \\$a"November 2007."
=504  \\$aIncludes bibliographical references (p. 32-34).
=520  \\$aAccording to the consensus view in growth and development economics, cross country differences in per-capita income largely reflect differences in countries' total factor productivity. We argue that this view has powerful implications for patterns of capital flows: everything else equal, countries with faster productivity growth should invest more, and attract more foreign capital. We then show that the pattern of net capital flows across developing countries is not consistent with this prediction. If anything, capital seems to flow more to countries that invest and grow less. We argue that this result -- which we call the allocation puzzle -- constitutes an important challenge for economic research, and discuss some possible research avenues to solve the puzzle.
=530  \\$aAlso available in PDF from the NBER world wide web site (www.nber.org).
=540  \\$aBritish Library not licensed to copy$c0$5Uk
=650  \0$aCapital movements$zDeveloping countries$xEconometric models.
=700  1\$aJeanne, Olivier.
=710  2\$aNational Bureau of Economic Research.
=830  \0$aWorking paper series (National Bureau of Economic Research) ;$vworking paper no. 13602.
=852  41$aBritish Library$bDSC$j6067.719500$ino. 13602
=856  41$uhttp://www.nber.org/papers/W13602
=ACF  \\$aBritish Library not licensed to copy$c0$e01-oct-2013$hC$iCFP Excluded$5Uk
=CAT  \\$a6098$b40$c20071220$lBLL01$h1353
=CAT  \\$a11317$b40$c20080103$lBLL01$h0910
=CAT  \\$aBATCH-CLA$b00$c20130527$lBLL01$h0130
=CAT  \\$aBATCH-CLA$b00$c20130630$lBLL01$h1630
=CAT  \\$aIPL-CLA$c20130701$lBLL01$h0118
=CAT  \\$aBATCH-CLA$b00$c20130702$lBLL01$h0202
=CAT  \\$aBATCH-CLA$b00$c20130929$lBLL01$h1619
=CAT  \\$aIPL-CLA$c20130930$lBLL01$h1758
=CAT  \\$aBATCH-CLA$b00$c20131202$lBLL01$h0331
=CAT  \\$aIPL-CLA$c20140101$lBLL01$h0046
=CAT  \\$aBATCH-CLA$b00$c20140327$lBLL01$h1829
=CAT  \\$aIPL-CLA$c20140331$lBLL01$h1633
=CAT  \\$aW2308-1659$c20230923$lBLL01$h1116
=CAT  \\$aBATCH-CLA$b00$c20230924$lBLL01$h0649
=CFI  0\$aBritish Library not licensed to copy$c0$e01-apr-2014$hC$iCFP Excluded$5Uk
=FIN  \\$aY$d20080103
=FMT  \\$a  BK
=LAS  \\$aBATCH-CLA$b00$c20230924$lBLL01$h0649
=SID  \\$aZ39$bOCLC
=TCO  \\$aTRS$bCCC$c008

