=LDR  03411cam a22005777a 4500
=001  014478152
=003  Uk
=005  20230924064929.0
=008  071214s2007\\\\maua\\\\\b\\\\000\0\eng\d
=035  \\$a(OCoLC)183888596
=040  \\$aGZM$cGZM$dUk
=100  1\$aKotchen, Matthew J.,$d1971-
=245  10$aVoluntary provision of public goods for bads :$ba theory of environmental offsets /$cMatthew J. Kotchen.
=260  \\$aCambridge, Mass. :$bNational Bureau of Economic Research,$cc2007.
=300  \\$a21 p. :$bill. ;$c22 cm.
=336  \\$atext$2rdacontent
=337  \\$aunmediated$2rdamedia
=338  \\$avolume$2rdacarrier
=490  1\$aNBER working paper series ;$vno. 13643
=500  \\$a"November 2007."
=504  \\$aIncludes bibliographical references (p. 20-21).
=520  \\$aThis paper examines voluntary provision of a public good that is motivated, in part, to compensate for other activities that diminish the public good. Markets for environmental offsets, such as those that promote carbon neutrality to minimize the impact of climate change, provide an increasingly salient example. An important result, related to one shown previously, is that mean donations to the public good do not converge to zero as the economy grows large. Other results are new and comparable to those from the standard model of a privately provided public good. The Nash equilibrium is solved explicitly to show how individual direct donations and net contributions depend on wealth and heterogenous preferences. Comparative static analysis demonstrates how the level of the public good and social welfare depend on the technology, individual wealth, and an initial level of the public good. Application of the model in an environmental context establishes a starting point for understanding and making predictions about markets such as those for carbon offsets.
=530  \\$aAlso available in PDF from the NBER World Wide Web site (www.nber.org).
=540  \\$aBritish Library not licensed to copy$c0$5Uk
=650  \0$aPublic goods$xEconometric models.
=650  \0$aGreenhouse gas mitigation$xEconometric models.
=710  2\$aNational Bureau of Economic Research.
=830  \0$aWorking paper series (National Bureau of Economic Research) ;$vworking paper no. 13643.
=852  41$aBritish Library$bDSC$j6067.719500$ino. 13643
=856  41$uhttp://www.nber.org/papers/W13643
=ACF  \\$aBritish Library not licensed to copy$c0$e01-oct-2013$hC$iCFP Excluded$5Uk
=CAT  \\$a6098$b40$c20071220$lBLL01$h1415
=CAT  \\$a11317$b40$c20080103$lBLL01$h1047
=CAT  \\$aBATCH-CLA$b00$c20130527$lBLL01$h0130
=CAT  \\$aBATCH-CLA$b00$c20130630$lBLL01$h1630
=CAT  \\$aIPL-CLA$c20130701$lBLL01$h0118
=CAT  \\$aBATCH-CLA$b00$c20130702$lBLL01$h0202
=CAT  \\$aBATCH-CLA$b00$c20130929$lBLL01$h1619
=CAT  \\$aIPL-CLA$c20130930$lBLL01$h1758
=CAT  \\$aBATCH-CLA$b00$c20131202$lBLL01$h0331
=CAT  \\$aIPL-CLA$c20140101$lBLL01$h0046
=CAT  \\$aBATCH-CLA$b00$c20140327$lBLL01$h1829
=CAT  \\$aIPL-CLA$c20140331$lBLL01$h1633
=CAT  \\$aW2308-1659$c20230923$lBLL01$h1116
=CAT  \\$aBATCH-CLA$b00$c20230924$lBLL01$h0649
=CFI  0\$aBritish Library not licensed to copy$c0$e01-apr-2014$hC$iCFP Excluded$5Uk
=FIN  \\$aY$d20080103
=FMT  \\$a  BK
=LAS  \\$aBATCH-CLA$b00$c20230924$lBLL01$h0649
=SID  \\$aZ39$bOCLC
=TCO  \\$aTRS$bCCC$c008

