=LDR  04517cam a2200637 a 4500
=001  014478260
=003  Uk
=005  20230924064929.0
=007  cr\mn|||||||||
=008  071130s2007\\\\maua\\\\\b\\\\000\0\eng\d
=035  \\$a(OCoLC)182621183
=040  \\$aUPM$cUPM$dGZM$dUk
=050  14$aHB1$b.W654 no. 13587
=100  1\$aStavins, R. N.$q(Robert N.),$d1948-
=245  10$aToo good to be true? :$ban examination of three economic assessments of California climate change policy /$cRobert Stavins, Judson Jaffe, Todd Schatzki.
=260  \\$aCambridge, Mass. :$bNational Bureau of Economic Research,$cc2007.
=300  \\$a44 p. :$bill. ;$c22 cm.
=336  \\$atext$2rdacontent
=337  \\$acomputer$2rdamedia
=338  \\$aonline resource$2rdacarrier
=490  1\$aNBER working paper series ;$vworking paper 13587
=500  \\$a"November 2007."
=504  \\$aIncludes bibliographical references (p. 41-44).
=520  \\$aCalifornia's Global Warming Solutions Act of 2006 limits California's greenhouse gas (GHG) emissions in 2020 to their 1990 level. Global climate change is a pressing environmental problem, and the best possible public policies will be required to address it. Therefore, analyses of prospective policies must themselves be of high quality, so that policymakers can reasonably rely on them when making the critical decisions they inevitably will face. In 2006, three studies were released indicating that California can meet its 2020 target at no net economic cost - raising questions about whether opportunities truly exist to substantially reduce emissions at no cost, or whether studies reaching such conclusions may simply severely underestimate costs. This paper provides an evaluation of these three California studies. We find that although opportunities may exist for some no-cost emission reductions, these California studies substantially underestimate the cost of meeting California's 2020 target. The studies underestimate costs by omitting important components of the costs of emission reduction efforts, and by overestimating offsetting savings that some of those efforts yield through improved energy efficiency. In some cases, the studies focus on the costs of particular actions to reduce emissions, but fail to consider the effectiveness and costs of policies that would be necessary to bring about such actions. While quantifying the full extent of the resulting cost underestimation is beyond the scope of our study, the underestimation is clearly economically significant. A few of the identified flaws individually lead to underestimation of annual costs on the order of billions of dollars. Hence, these studies do not offer reliable estimates of the cost of meeting California's 2020 target. Better analyses are needed to inform policymakers.
=530  \\$aAlso available in PDF from the NBER World Wide Web site (www.nber.org).
=540  \\$aBritish Library not licensed to copy$c0$5Uk
=650  \0$aGreenhouse gas mitigation$xEconomic aspects$zCalifornia.
=650  \0$aClimatic changes$xEconomic aspects$zCalifornia.
=650  \0$aClimatic changes$xGovernment policy$zCalifornia.
=650  \0$aClimatic changes$zCalifornia$xCost effectiveness.
=700  1\$aJaffe, Judson.
=700  1\$aSchatzki, Todd.
=710  2\$aNational Bureau of Economic Research.
=830  \0$aWorking paper series (National Bureau of Economic Research) ;$vworking paper no. 13587.
=852  41$aBritish Library$bDSC$j6067.719500$ino. 13587
=856  41$uhttp://www.nber.org/papers/W13587
=ACF  \\$aBritish Library not licensed to copy$c0$e01-oct-2013$hC$iCFP Excluded$5Uk
=CAT  \\$a7164$b40$c20071220$lBLL01$h1529
=CAT  \\$aBATCH-CLA$b00$c20130527$lBLL01$h0130
=CAT  \\$aBATCH-CLA$b00$c20130630$lBLL01$h1630
=CAT  \\$aIPL-CLA$c20130701$lBLL01$h0118
=CAT  \\$aBATCH-CLA$b00$c20130702$lBLL01$h0202
=CAT  \\$aBATCH-CLA$b00$c20130929$lBLL01$h1619
=CAT  \\$aIPL-CLA$c20130930$lBLL01$h1758
=CAT  \\$aBATCH-CLA$b00$c20131202$lBLL01$h0331
=CAT  \\$aIPL-CLA$c20140101$lBLL01$h0046
=CAT  \\$aBATCH-CLA$b00$c20140327$lBLL01$h1829
=CAT  \\$aIPL-CLA$c20140331$lBLL01$h1633
=CAT  \\$aW2308-1659$c20230923$lBLL01$h1116
=CAT  \\$aBATCH-CLA$b00$c20230924$lBLL01$h0649
=CFI  0\$aBritish Library not licensed to copy$c0$e01-apr-2014$hC$iCFP Excluded$5Uk
=FIN  \\$aY$d20071220
=FMT  \\$a  BK
=LAS  \\$aBATCH-CLA$b00$c20230924$lBLL01$h0649
=SID  \\$aZ39$bOCLC
=TCO  \\$aTRS$bCCC$c008

