=LDR  02997cam a2200589 a 4500
=001  014478285
=003  Uk
=005  20230924064929.0
=007  cr\mn|||||||||
=008  071130s2007\\\\maua\\\\\b\\\\000\0\eng\d
=035  \\$a(OCoLC)182621728
=040  \\$aUPM$cUPM$dGZM$dUk
=050  14$aHB1$b.W654 no. 13592
=100  1\$aGreenwood, Jeremy,$d1953-
=245  10$aMeasuring the welfare gain from personal computers /$cJeremy Greenwood, Karen A. Kopecky.
=260  \\$aCambridge, Mass. :$bNational Bureau of Economic Research,$c2007.
=300  \\$a14 p. :$bill. ;$c22 cm.
=336  \\$atext$2rdacontent
=337  \\$acomputer$2rdamedia
=338  \\$aonline resource$2rdacarrier
=490  1\$aNBER working paper series ;$vworking paper 13592
=500  \\$a"November 2007."
=504  \\$aIncludes bibliographical references (p. 13-14).
=520  \\$aThe welfare gain to consumers from the introduction of personal computers is estimated here. A simple model of consumer demand is formulated that uses a slightly modified version of standard preferences. The modification permits marginal utility, and hence total utility, to be finite when the consumption of computers is zero. This implies that the good won't be consumed at a high enough price. It also bounds the consumer surplus derived from the product. The model is calibrated/estimated using standard national income and product account data. The welfare gain from the introduction of personal computers is about 4 percent of consumption expenditure.
=530  \\$aAlso available in PDF from the NBER World Wide Web site (www.nber.org).
=540  \\$aBritish Library not licensed to copy$c0$5Uk
=650  \0$aMicrocomputers$xEconomic aspects.
=700  1\$aKopecky, Karen A.,$d1979-
=710  2\$aNational Bureau of Economic Research.
=830  \0$aWorking paper series (National Bureau of Economic Research) ;$vworking paper no. 13592.
=852  41$aBritish Library$bDSC$j6067.719500$ino. 13592
=856  41$uhttp://www.nber.org/papers/W13592
=ACF  \\$aBritish Library not licensed to copy$c0$e01-oct-2013$hC$iCFP Excluded$5Uk
=CAT  \\$a7164$b40$c20071220$lBLL01$h1542
=CAT  \\$aBATCH-CLA$b00$c20130527$lBLL01$h0130
=CAT  \\$aBATCH-CLA$b00$c20130630$lBLL01$h1630
=CAT  \\$aIPL-CLA$c20130701$lBLL01$h0118
=CAT  \\$aBATCH-CLA$b00$c20130702$lBLL01$h0202
=CAT  \\$aBATCH-CLA$b00$c20130929$lBLL01$h1619
=CAT  \\$aIPL-CLA$c20130930$lBLL01$h1758
=CAT  \\$aBATCH-CLA$b00$c20131202$lBLL01$h0331
=CAT  \\$aIPL-CLA$c20140101$lBLL01$h0046
=CAT  \\$aBATCH-CLA$b00$c20140327$lBLL01$h1829
=CAT  \\$aIPL-CLA$c20140331$lBLL01$h1633
=CAT  \\$aW2308-1659$c20230923$lBLL01$h1116
=CAT  \\$aBATCH-CLA$b00$c20230924$lBLL01$h0649
=CFI  0\$aBritish Library not licensed to copy$c0$e01-apr-2014$hC$iCFP Excluded$5Uk
=FIN  \\$aY$d20071220
=FMT  \\$a  BK
=LAS  \\$aBATCH-CLA$b00$c20230924$lBLL01$h0649
=SID  \\$aZ39$bOCLC
=TCO  \\$aTRS$bCCC$c008

