=LDR  03733 am a22006257a 4500
=001  014478327
=003  Uk
=005  20201204010728.0
=008  071214s2007\\\\maua\\\\\b\\\\000\0\eng\d
=035  \\$a(OCoLC)183889367
=040  \\$aUk$beng$cUk
=100  1\$aLazear, Edward P.
=245  10$aWage structure, raises and mobility :$binternational comparisons of the structure of wages within and across firms /$cEdward P. Lazear, Kathryn L. Shaw.
=260  \\$aCambridge, Mass. :$bNational Bureau of Economic Research,$cc2007.
=300  \\$a63 p. :$bill. ;$c22 cm.
=336  \\$atext$2rdacontent
=337  \\$aunmediated$2rdamedia
=338  \\$avolume$2rdacarrier
=490  1\$aNBER working paper series ;$vno. 13654
=500  \\$a"November 2007."
=504  \\$aIncludes bibliographical references (p. 27).
=520  \\$aThe returns to talent or performance have grown over time in developed countries. Is talent concentrated in a few firms or are firms virtual microcosms of the economy, each having close to identical distributions of talent? The data show that talent is not concentrated in a few companies, but is widely dispersed across companies. Wage dispersion within firms is nearly as high as the wage dispersion overall. The standard deviation of wages within the firm is about 80% of the standard deviation across all workers in the economy. Firms are more similar than they are dissimilar, but they are not identical: the firm mean wage displays considerable dispersion across the population of firms. There is evidence that talent is becoming more concentrated over time within some firms relative to others. In four countries that estimated wage regressions with firm fixed effects, the firm fixed effects are contributing more to the R-squared of the wage regression over time. Law firms have more lawyers than janitors. Janitorial firms have more janitors than lawyers and the differences between firms have become more pronounced. Still, the variance of wages within the average firms remains high.
=530  \\$aAlso available in PDF from the NBER World Wide Web site (www.nber.org).
=540  \\$aBritish Library not licensed to copy$c0$5Uk
=650  \0$aWage differentials.
=650  \0$aLabor market$xEconometric models.
=700  1\$aShaw, Kathryn.
=710  2\$aNational Bureau of Economic Research.
=830  \0$aWorking paper series (National Bureau of Economic Research) ;$vworking paper no. 13654.
=852  41$aBritish Library$bDSC$j6067.719500$ino. 13654
=856  41$uhttp://www.nber.org/papers/W13654
=ACF  \\$aBritish Library not licensed to copy$c0$e01-oct-2013$hC$iCFP Excluded$5Uk
=CAT  \\$a6098$b40$c20071220$lBLL01$h1603
=CAT  \\$a11317$b40$c20080103$lBLL01$h0913
=CAT  \\$a11317$b40$c20080103$lBLL01$h0914
=CAT  \\$aBATCH-CLA$b00$c20130527$lBLL01$h0130
=CAT  \\$aBATCH-CLA$b00$c20130630$lBLL01$h1630
=CAT  \\$aIPL-CLA$c20130701$lBLL01$h0118
=CAT  \\$aBATCH-CLA$b00$c20130702$lBLL01$h0202
=CAT  \\$aBATCH-CLA$b00$c20130929$lBLL01$h1619
=CAT  \\$aIPL-CLA$c20130930$lBLL01$h1758
=CAT  \\$aBATCH-CLA$b00$c20131202$lBLL01$h0331
=CAT  \\$aIPL-CLA$c20140101$lBLL01$h0046
=CAT  \\$aBATCH-CLA$b00$c20140327$lBLL01$h1829
=CAT  \\$aIPL-CLA$c20140331$lBLL01$h1633
=CAT  \\$aBATCH-UPD$b00$c20200705$lBLL01$h2057
=CAT  \\$aBATCH-CLA$b00$c20200706$lBLL01$h0102
=CAT  \\$aBATCH-UPD$b00$c20201203$lBLL01$h2318
=CAT  \\$aBATCH-CLA$b00$c20201204$lBLL01$h0107
=CFI  0\$aBritish Library not licensed to copy$c0$e01-apr-2014$hC$iCFP Excluded$5Uk
=FIN  \\$aY$d20080103
=FMT  \\$a  BK
=LAS  \\$aBATCH-CLA$b00$c20201204$lBLL01$h0107
=SID  \\$aZ39$bOCLC
=TCO  \\$aTRS$bCCC$c008

