=LDR  03909cam a22006137a 4500
=001  014479422
=003  Uk
=005  20230924064929.0
=007  cr\mn|||||||||
=008  071130s2007\\\\maua\\\\\b\\\\000\0\eng\d
=035  \\$a(OCoLC)182630369
=040  \\$aIUL$cIUL$dGZM$dUk
=100  10$aKane, Edward J.$q(Edward James),$d1935-
=245  10$aIncentive conflict in central-bank responses to sectoral turmoil in financial hub countries /$cEdward J. Kane.
=260  \\$aCambridge, Mass. :$bNational Bureau of Economic Research,$c2007.
=300  \\$a35 p. :$bill. ;$c22 cm.
=336  \\$atext$2rdacontent
=337  \\$acomputer$2rdamedia
=338  \\$aonline resource$2rdacarrier
=490  1\$aNBER working paper series ;$vno. 13593
=500  \\$a"November 2007"
=504  \\$aIncludes bibliographical references (p. 34-35).
=520  \\$aNational safety nets are imbedded in country-specific regulatory cultures that encompass contradictory goals of nationalistic welfare maximization, merciful treatment of distressed institutions, and bureaucratic blame avoidance. Focusing on this goal conflict, this paper develops two hypotheses. First, in times of financial-sector stress, political pressure is bound to increase the incentive force of the second and third goals at the expense of the first. Second, gaps and distortions in cross-country connections between national safety nets require improvisational responses from de facto hegemonic regulators. Reinforced by reputational concerns, the hegemons' goal conflicts dispose them to react to cross-country evidence of incipient financial-institution insolvencies in short-sighted ways. During the commercial-paper and interbank turmoil of summer 2007, de facto hegemons used repurchase agreements to transfer taxpayer funds -- implicitly but in large measure -- to several of the particular institutions whose imprudence in originating, pricing, and securitizing poorly underwritten loans led to the turmoil in the first place. The precedent established by these transfers promises to exacerbate the depth, breadth, and duration of future instances of financial-institution insolvency by confirming that institutions that underinvest in due diligence can expect taxpayers to protect them from much of the adverse consequences.
=530  \\$aAlso available in PDF from the NBER world wide web site (www.nber.org).
=540  \\$aBritish Library not licensed to copy$c0$5Uk
=650  \0$aBanks and banking, Central.
=650  \0$aFiscal policy$xEconometric models.
=650  \0$aBank failures.
=710  2\$aNational Bureau of Economic Research.
=830  \0$aWorking paper series (National Bureau of Economic Research) ;$vworking paper no. 13593.
=852  41$aBritish Library$bDSC$j6067.719500$ino. 13593
=856  41$uhttp://www.nber.org/papers/W13593
=ACF  \\$aBritish Library not licensed to copy$c0$e01-oct-2013$hC$iCFP Excluded$5Uk
=CAT  \\$a7164$b40$c20071227$lBLL01$h0822
=CAT  \\$aBATCH-CLA$b00$c20130527$lBLL01$h0130
=CAT  \\$aBATCH-CLA$b00$c20130630$lBLL01$h1630
=CAT  \\$aIPL-CLA$c20130701$lBLL01$h0118
=CAT  \\$aBATCH-CLA$b00$c20130702$lBLL01$h0202
=CAT  \\$aBATCH-CLA$b00$c20130929$lBLL01$h1619
=CAT  \\$aIPL-CLA$c20130930$lBLL01$h1758
=CAT  \\$aBATCH-CLA$b00$c20131202$lBLL01$h0331
=CAT  \\$aIPL-CLA$c20140101$lBLL01$h0046
=CAT  \\$aBATCH-CLA$b00$c20140327$lBLL01$h1829
=CAT  \\$aIPL-CLA$c20140331$lBLL01$h1633
=CAT  \\$aBATCH-UPD$b00$c20211217$lBLL01$h2059
=CAT  \\$aBATCH-CLA$b00$c20211218$lBLL01$h0138
=CAT  \\$aW2308-1659$c20230923$lBLL01$h1116
=CAT  \\$aBATCH-CLA$b00$c20230924$lBLL01$h0649
=CFI  0\$aBritish Library not licensed to copy$c0$e01-apr-2014$hC$iCFP Excluded$5Uk
=FIN  \\$aY$d20071227
=FMT  \\$a  BK
=LAS  \\$aBATCH-CLA$b00$c20230924$lBLL01$h0649
=SID  \\$aZ39$bOCLC
=TCO  \\$aTRS$bCCC$c008

