=LDR  03262cam a22006257a 4500
=001  014479438
=003  Uk
=005  20230924064929.0
=007  cr\mn|||||||||
=008  071205s2007\\\\maua\\\\\b\\\\000\0\eng\d
=035  \\$a(OCoLC)182848083
=040  \\$aIUL$cIUL$dGZM$dUk
=100  10$aBlouin, Jennifer L.
=245  10$aDid firms substitute dividends for share repurchases after the 2003 reductions in shareholder tax rates? /$cJennifer L. Blouin, Jana Smith Raedy, Douglas A. Shackelford.
=260  \\$aCambridge, Mass. :$bNational Bureau of Economic Research,$cc2007.
=300  \\$a40 p. :$bill. ;$c22 cm.
=336  \\$atext$2rdacontent
=337  \\$acomputer$2rdamedia
=338  \\$aonline resource$2rdacarrier
=490  1\$aNBER working paper series ;$vno. 13601
=500  \\$a"November 2007"
=504  \\$aIncludes bibliographical references (p. 30-32).
=520  \\$aThis paper tests whether firms altered their dividend and share repurchase policies in response to the 2003 reductions in shareholder tax rates. We predict that firms substituted dividends for repurchases, because the reduction in dividend tax rates exceeded the reduction in the capital gains tax rates. As expected, we find substitution and find that it is increasing in the percentage of the company owned by individual investors, the only shareholders affected by the legislation. These findings are consistent with boards of directors considering the tax preferences of individual stockholders (particularly officers and managers) when setting dividend and share repurchase policies.
=530  \\$aAlso available in PDF from the NBER world wide web site (www.nber.org).
=540  \\$aBritish Library not licensed to copy$c0$5Uk
=650  \0$aBusiness enterprises$xFinance$xEconometric models.
=650  \0$aStocks$xTaxation.
=700  1\$aRaedy, Jana Smith.
=700  1\$aShackelford, Douglas A.$q(Douglas Alan).
=710  2\$aNational Bureau of Economic Research.
=830  \0$aWorking paper series (National Bureau of Economic Research) ;$vworking paper no. 13601.
=852  41$aBritish Library$bDSC$j6067.719500$ino. 13601
=856  41$uhttp://www.nber.org/papers/W13601
=ACF  \\$aBritish Library not licensed to copy$c0$e01-oct-2013$hC$iCFP Excluded$5Uk
=CAT  \\$a7164$b40$c20071227$lBLL01$h0839
=CAT  \\$aBATCH-CLA$b00$c20130527$lBLL01$h0130
=CAT  \\$aBATCH-CLA$b00$c20130630$lBLL01$h1630
=CAT  \\$aIPL-CLA$c20130701$lBLL01$h0118
=CAT  \\$aBATCH-CLA$b00$c20130702$lBLL01$h0202
=CAT  \\$aBATCH-CLA$b00$c20130929$lBLL01$h1619
=CAT  \\$aIPL-CLA$c20130930$lBLL01$h1758
=CAT  \\$aBATCH-CLA$b00$c20131202$lBLL01$h0331
=CAT  \\$aIPL-CLA$c20140101$lBLL01$h0046
=CAT  \\$aBATCH-CLA$b00$c20140327$lBLL01$h1829
=CAT  \\$aIPL-CLA$c20140331$lBLL01$h1633
=CAT  \\$aBATCH-UPD$b00$c20210210$lBLL01$h2039
=CAT  \\$aBATCH-CLA$b00$c20210211$lBLL01$h0104
=CAT  \\$aW2308-1659$c20230923$lBLL01$h1116
=CAT  \\$aBATCH-CLA$b00$c20230924$lBLL01$h0649
=CFI  0\$aBritish Library not licensed to copy$c0$e01-apr-2014$hC$iCFP Excluded$5Uk
=FIN  \\$aY$d20071227
=FMT  \\$a  BK
=LAS  \\$aBATCH-CLA$b00$c20230924$lBLL01$h0649
=SID  \\$aZ39$bOCLC
=TCO  \\$aTRS$bCCC$c008

