=LDR  03330cam a22005777a 4500
=001  014479441
=003  Uk
=005  20230924064929.0
=007  cr\mn|||||||||
=008  071205s2007\\\\mau\\\\\\b\\\\000\0\eng\d
=035  \\$a(OCoLC)182848032
=040  \\$aIUL$cIUL$dGZM$dUk
=100  1\$aLogan, Trevon D.$q(Trevon D'Marcus)
=245  10$aWhoa, Nellie! :$bempirical tests of college football's conventional wisdom /$cTrevon D. Logan.
=260  \\$aCambridge, Mass. :$bNational Bureau of Economic Research,$c2007.
=300  \\$a33, [16] p. ;$c22 cm.
=336  \\$atext$2rdacontent
=337  \\$acomputer$2rdamedia
=338  \\$aonline resource$2rdacarrier
=490  1\$aNBER working paper series ;$vno. 13596
=500  \\$a"November 2007".
=504  \\$aIncludes bibliographical references (p. 30-31).
=520  \\$aCollege football fans, coaches, and observers have adopted a set of beliefs about how college football poll voters behave. I document three pieces of conventional wisdom in college football regarding the timing of wins and losses, the value of playing strong opponents, and the value of winning by wide margins. Using a unique data set with 25 years of AP poll results, I test college football's conventional wisdom. In particular, I test (1) whether it is better to lose early or late in the season, (2) whether teams benefit from playing stronger opponents, and (3) whether teams are rewarded for winning by large margins. Contrary to conventional wisdom, I find that (1) it is better to lose later in the season than earlier, (2) AP voters do not pay attention to the strength of a defeated opponent, and (3) the benefit of winning by a large margin is negligible. I conclude by noting how these results inform debates about a potential playoff in college football.
=530  \\$aAlso available in PDF from the NBER world wide web site (www.nber.org).
=540  \\$aBritish Library not licensed to copy$c0$5Uk
=650  \0$aFootball teams$xRatings and rankings$xEconometric models.
=650  \0$aCollege sports$xRatings and rankings$xEconometric models.
=710  2\$aNational Bureau of Economic Research.
=830  \0$aWorking paper series (National Bureau of Economic Research) ;$vworking paper no. 13596.
=852  41$aBritish Library$bDSC$j6067.719500$ino. 13596
=856  41$uhttp://www.nber.org/papers/W13596
=ACF  \\$aBritish Library not licensed to copy$c0$e01-oct-2013$hC$iCFP Excluded$5Uk
=CAT  \\$a7164$b40$c20071227$lBLL01$h0844
=CAT  \\$aBATCH-CLA$b00$c20130527$lBLL01$h0130
=CAT  \\$aBATCH-CLA$b00$c20130630$lBLL01$h1630
=CAT  \\$aIPL-CLA$c20130701$lBLL01$h0118
=CAT  \\$aBATCH-CLA$b00$c20130702$lBLL01$h0202
=CAT  \\$aBATCH-CLA$b00$c20130929$lBLL01$h1619
=CAT  \\$aIPL-CLA$c20130930$lBLL01$h1758
=CAT  \\$aBATCH-CLA$b00$c20131202$lBLL01$h0331
=CAT  \\$aIPL-CLA$c20140101$lBLL01$h0046
=CAT  \\$aBATCH-CLA$b00$c20140327$lBLL01$h1829
=CAT  \\$aIPL-CLA$c20140331$lBLL01$h1633
=CAT  \\$aW2308-1659$c20230923$lBLL01$h1116
=CAT  \\$aBATCH-CLA$b00$c20230924$lBLL01$h0649
=CFI  0\$aBritish Library not licensed to copy$c0$e01-apr-2014$hC$iCFP Excluded$5Uk
=FIN  \\$aY$d20071227
=FMT  \\$a  BK
=LAS  \\$aBATCH-CLA$b00$c20230924$lBLL01$h0649
=SID  \\$aZ39$bOCLC
=TCO  \\$aTRS$bCCC$c008

