=LDR  03110cam a22006257a 4500
=001  014479516
=003  Uk
=005  20230924064929.0
=008  071214s2007\\\\maua\\\\\b\\\\000\0\eng\d
=035  \\$a(OCoLC)183887031
=040  \\$aGZM$cGZM$dUk
=100  10$aErceg, Christopher J.
=245  14$aThe transmission of domestic shocks in the open economy /$cChristopher J. Erceg, Christopher Gust, David López-Salido.
=260  \\$aCambridge, Mass. :$bNational Bureau of Economic Research,$cc2007.
=300  \\$a69 p. :$bill. ;$c22 cm.
=336  \\$atext$2rdacontent
=337  \\$aunmediated$2rdamedia
=338  \\$avolume$2rdacarrier
=490  1\$aNBER working paper series ;$vno. 13613
=500  \\$a"November 2007."
=504  \\$aIncludes bibliographical references (p. 48-50).
=520  \\$aThis paper uses an open economy DSGE model to explore how trade openness affects the transmission of domestic shocks. For some calibrations, closed and open economies appear dramatically different, reminiscent of the implications of Mundell-Fleming style models. However, we argue such stark differences hinge on calibrations that impose an implausibly high trade price elasticity and Frisch elasticity of labor supply. Overall, our results suggest that the main effects of openness are on the composition of expenditure, and on the wedge between consumer and domestic prices, rather than on the response of aggregate output and domestic prices.
=530  \\$aAlso available in PDF from the NBER World Wide Web site (www.nber.org).
=540  \\$aBritish Library not licensed to copy$c0$5Uk
=650  \0$aFree trade.
=650  \0$aFinancial crises.
=650  \0$aEconometric models.
=700  1\$aGust, Christopher J.
=700  1\$aLópez-Salido, J. David.
=710  2\$aNational Bureau of Economic Research.
=830  \0$aWorking paper series (National Bureau of Economic Research) ;$vworking paper no. 13613.
=852  41$aBritish Library$bDSC$j6067.719500$i13613
=856  41$uhttp://www.nber.org/papers/W13613
=ACF  \\$aBritish Library not licensed to copy$c0$e01-oct-2013$hC$iCFP Excluded$5Uk
=CAT  \\$a6098$b40$c20071227$lBLL01$h1103
=CAT  \\$a11317$b40$c20080103$lBLL01$h0919
=CAT  \\$aBATCH-CLA$b00$c20130527$lBLL01$h0130
=CAT  \\$aBATCH-CLA$b00$c20130630$lBLL01$h1630
=CAT  \\$aIPL-CLA$c20130701$lBLL01$h0118
=CAT  \\$aBATCH-CLA$b00$c20130702$lBLL01$h0202
=CAT  \\$aBATCH-CLA$b00$c20130929$lBLL01$h1619
=CAT  \\$aIPL-CLA$c20130930$lBLL01$h1758
=CAT  \\$aBATCH-CLA$b00$c20131202$lBLL01$h0331
=CAT  \\$aIPL-CLA$c20140101$lBLL01$h0046
=CAT  \\$aBATCH-CLA$b00$c20140327$lBLL01$h1829
=CAT  \\$aIPL-CLA$c20140331$lBLL01$h1633
=CAT  \\$aBATCH-UPD$b00$c20180620$lBLL01$h1624
=CAT  \\$aW2308-1659$c20230923$lBLL01$h1116
=CAT  \\$aBATCH-CLA$b00$c20230924$lBLL01$h0649
=CFI  0\$aBritish Library not licensed to copy$c0$e01-apr-2014$hC$iCFP Excluded$5Uk
=FIN  \\$aY$d20080103
=FMT  \\$a  BK
=LAS  \\$aBATCH-CLA$b00$c20230924$lBLL01$h0649
=SID  \\$aZ39$bOCLC
=TCO  \\$aTRS$bCCC$c008

