=LDR  03469cam a22006257a 4500
=001  014480816
=003  Uk
=005  20230924064929.0
=007  cr\mn|||||||||
=008  071205s2007\\\\maua\\\\\b\\\\000\0\eng\d
=035  \\$a(OCoLC)182848101
=040  \\$aIUL$cIUL$dGZM$dUk
=043  \\$an-cn---
=100  1\$aBordo, Michael D.
=245  10$aCanada's pioneering experience with a flexible exchange rate in the 1950s :$b(hard) lessons learned for monetary policy in a small open economy /$cMichael D. Bordo, Ali Dib, Lawrence Schembri.
=260  \\$aCambridge, Mass. :$bNational Bureau of Economic Research,$c2007.
=300  \\$a50 p. :$bill. ;$c22 cm.
=336  \\$atext$2rdacontent
=337  \\$acomputer$2rdamedia
=338  \\$aonline resource$2rdacarrier
=490  1\$aNBER working paper series ;$vno. 13605
=500  \\$a"November 2007."
=504  \\$aIncludes bibliographical references (p. 32-34).
=520  \\$aThis paper revisits Canada's pioneering experience with floating exchange rate over the period 1950-1962. It examines whether the floating rate was the best option for Canada in the 1950s by developing and estimating a New Keynesian small open economy model of the Canadian economy. The model is then used to conduct a counterfactual analysis of the impact of different monetary policies and exchange rate regimes. The main finding indicates that the flexible exchange rate helped reduce the volatility of key macro-economic variables. The Canadian monetary authorities, however, clearly did not understand all of the implications of conducting monetary policy under a flexible exchange rate and a high degree of capital mobility. The paper confirms that monetary policy was more volatile in the post-1957 period and Canada's macroeconomic performance suffered as a result.
=530  \\$aAlso available in PDF from the NBER world wide web site (www.nber.org).
=540  \\$aBritish Library not licensed to copy$c0$5Uk
=650  \0$aForeign exchange rates$zCanada$xHistory$y20th century.
=650  \0$aMonetary policy$zCanada$xHistory$y20th century.
=651  \0$aCanada$xEconomic conditions$y1945-$xEconometric models.
=700  1\$aDib, Ali,$d1967-
=700  1\$aSchembri, Lawrence.
=710  2\$aNational Bureau of Economic Research.
=830  \0$aWorking paper series (National Bureau of Economic Research) ;$vworking paper no. 13605.
=852  41$aBritish Library$bDSC$j6067.719500$ino. 13605
=856  41$uhttp://www.nber.org/papers/W13605
=ACF  \\$aBritish Library not licensed to copy$c0$e01-oct-2013$hC$iCFP Excluded$5Uk
=CAT  \\$a7164$b40$c20071228$lBLL01$h1142
=CAT  \\$aBATCH-CLA$b00$c20130527$lBLL01$h0130
=CAT  \\$aBATCH-CLA$b00$c20130630$lBLL01$h1630
=CAT  \\$aIPL-CLA$c20130701$lBLL01$h0118
=CAT  \\$aBATCH-CLA$b00$c20130702$lBLL01$h0202
=CAT  \\$aBATCH-CLA$b00$c20130929$lBLL01$h1619
=CAT  \\$aIPL-CLA$c20130930$lBLL01$h1758
=CAT  \\$aBATCH-CLA$b00$c20131202$lBLL01$h0331
=CAT  \\$aIPL-CLA$c20140101$lBLL01$h0046
=CAT  \\$aBATCH-CLA$b00$c20140327$lBLL01$h1829
=CAT  \\$aIPL-CLA$c20140331$lBLL01$h1633
=CAT  \\$aW2308-1659$c20230923$lBLL01$h1116
=CAT  \\$aBATCH-CLA$b00$c20230924$lBLL01$h0649
=CFI  0\$aBritish Library not licensed to copy$c0$e01-apr-2014$hC$iCFP Excluded$5Uk
=FIN  \\$aY$d20071228
=FMT  \\$a  BK
=LAS  \\$aBATCH-CLA$b00$c20230924$lBLL01$h0649
=SID  \\$aZ39$bOCLC
=TCO  \\$aTRS$bCCC$c008

