=LDR  03175cam a22006137a 4500
=001  014480916
=003  Uk
=005  20230924064929.0
=007  cr\mn|||||||||
=008  071130s2007\\\\maua\\\\\b\\\\000\0\eng\d
=035  \\$a(OCoLC)182630357
=040  \\$aIUL$cIUL$dGZM$dUk
=043  \\$ae-fi---
=100  1\$aConesa, Juan Carlos.
=245  10$aModeling great depressions :$bthe depression in Finland in the 1990s /$cJuan Carlos Conesa, Timothy J. Kehoe, Kim J. Ruhl.
=260  \\$aCambridge, Mass. :$bNational Bureau of Economic Research,$c2007.
=300  \\$a62 p. :$bill. ;$c22 cm.
=336  \\$atext$2rdacontent
=337  \\$acomputer$2rdamedia
=338  \\$aonline resource$2rdacarrier
=490  1\$aNBER working paper series ;$vno. 13591
=500  \\$a"November 2007."
=504  \\$aIncludes bibliographical references (p. 44-46).
=520  \\$aThis paper is a primer on the great depressions methodology developed by Cole and Ohanian (1999, 2007) and Kehoe and Prescott (2002, 2007). We use growth accounting and simple dynamic general equilibrium models to study the depression that occurred in Finland in the early 1990s. We find that the sharp drop in real GDP over the period 1990-93 was driven by a combination of a drop in total factor productivity (TFP) during 1990-92 and of increases in taxes on labor and consumption and increases in government consumption during 1989-94, which drove down hours worked in Finland. We attempt to endogenize the drop in TFP in variants of the model with an investment sector and with terms-of-trade shocks but are unsuccessful.
=530  \\$aAlso available in PDF from the NBER world wide web site (www.nber.org).
=540  \\$aBritish Library not licensed to copy$c0$5Uk
=650  \0$aDepressions$xEconometric models.
=651  \0$aFinland$xEconomic conditions$y1981-$xEconometric models.
=700  1\$aKehoe, Timothy Jerome,$d1953-
=700  1\$aRuhl, Kim J.
=710  2\$aNational Bureau of Economic Research.
=830  \0$aWorking paper series (National Bureau of Economic Research) ;$vworking paper no. 13591.
=852  41$aBritish Library$bDSC$j6067.719500$ino. 13591
=856  41$uhttp://www.nber.org/papers/W13591
=ACF  \\$aBritish Library not licensed to copy$c0$e01-oct-2013$hC$iCFP Excluded$5Uk
=CAT  \\$a7164$b40$c20071228$lBLL01$h1313
=CAT  \\$aBATCH-CLA$b00$c20130527$lBLL01$h0130
=CAT  \\$aBATCH-CLA$b00$c20130630$lBLL01$h1630
=CAT  \\$aIPL-CLA$c20130701$lBLL01$h0118
=CAT  \\$aBATCH-CLA$b00$c20130702$lBLL01$h0202
=CAT  \\$aBATCH-CLA$b00$c20130929$lBLL01$h1619
=CAT  \\$aIPL-CLA$c20130930$lBLL01$h1758
=CAT  \\$aBATCH-CLA$b00$c20131202$lBLL01$h0331
=CAT  \\$aIPL-CLA$c20140101$lBLL01$h0046
=CAT  \\$aBATCH-CLA$b00$c20140327$lBLL01$h1829
=CAT  \\$aIPL-CLA$c20140331$lBLL01$h1633
=CAT  \\$aW2308-1659$c20230923$lBLL01$h1116
=CAT  \\$aBATCH-CLA$b00$c20230924$lBLL01$h0649
=CFI  0\$aBritish Library not licensed to copy$c0$e01-apr-2014$hC$iCFP Excluded$5Uk
=FIN  \\$aY$d20071228
=FMT  \\$a  BK
=LAS  \\$aBATCH-CLA$b00$c20230924$lBLL01$h0649
=SID  \\$aZ39$bOCLC
=TCO  \\$aTRS$bCCC$c008

