=LDR  03662cam a22005777a 4500
=001  014480945
=003  Uk
=005  20230924064930.0
=007  cr\mn|||||||||
=008  071205s2007\\\\mau\\\\\\b\\\\000\0\eng\d
=035  \\$a(OCoLC)182848006
=040  \\$aIUL$cIUL$dGZM$dUk
=100  1\$aAngeletos, Marios.
=245  10$aPolicy with dispersed information /$cGeorge-Marios Angeletos, Alessandro Pavan.
=260  \\$aCambridge, Mass. :$bNational Bureau of Economic Research,$c2007.
=300  \\$a50 p. ;$c22 cm.
=336  \\$atext$2rdacontent
=337  \\$acomputer$2rdamedia
=338  \\$aonline resource$2rdacarrier
=490  1\$aNBER working paper series ;$vno. 13590
=500  \\$a"November 2007."
=504  \\$aIncludes bibliographical references (p. 48-50).
=520  \\$aThis paper studies policy in a class of economies in which information about commonly-relevant fundamentals -- such as aggregate productivity and demand conditions -- is dispersed and can not be centralized by the government. In these economies, the decentralized use of information can fail to be efficient either because of discrepancies between private and social payoffs, or because of informational externalities. In the first case, inefficiency manifests itself in excessive non-fundamental volatility (overreaction to common noise) or excessive cross-sectional dispersion (overreaction to idiosyncratic noise). In the second case, inefficiency manifests itself in suboptimal social learning (low quality of information contained in macroeconomic data, financial prices, and other indicators of economic activity). In either case, a novel role for policy is identified: the government can improve welfare by manipulating the incentives agents face when deciding how to use their available sources of information. Our key result is that this can be achieved by appropriately designing the contingency of marginal taxes on aggregate activity. This contingency permits the government to control the reaction of equilibrium to different types of noise, to improve the quality of information in prices and macro data, and, in overall, to restore efficiency in the decentralized use of information.
=530  \\$aAlso available in PDF from the NBER world wide web site (www.nber.org).
=540  \\$aBritish Library not licensed to copy$c0$5Uk
=650  \0$aEconomic policy$xEconometric models.
=700  1\$aPavan, Alessandro.
=710  2\$aNational Bureau of Economic Research.
=830  \0$aWorking paper series (National Bureau of Economic Research) ;$vworking paper no. 13590.
=852  41$aBritish Library$bDSC$j6067.719500$ino. 13590
=856  41$uhttp://www.nber.org/papers/W13590
=ACF  \\$aBritish Library not licensed to copy$c0$e01-oct-2013$hC$iCFP Excluded$5Uk
=CAT  \\$a7164$b40$c20071228$lBLL01$h1338
=CAT  \\$aBATCH-CLA$b00$c20130527$lBLL01$h0130
=CAT  \\$aBATCH-CLA$b00$c20130630$lBLL01$h1630
=CAT  \\$aIPL-CLA$c20130701$lBLL01$h0118
=CAT  \\$aBATCH-CLA$b00$c20130702$lBLL01$h0202
=CAT  \\$aBATCH-CLA$b00$c20130929$lBLL01$h1619
=CAT  \\$aIPL-CLA$c20130930$lBLL01$h1758
=CAT  \\$aBATCH-CLA$b00$c20131202$lBLL01$h0331
=CAT  \\$aIPL-CLA$c20140101$lBLL01$h0046
=CAT  \\$aBATCH-CLA$b00$c20140327$lBLL01$h1829
=CAT  \\$aIPL-CLA$c20140331$lBLL01$h1633
=CAT  \\$aW2308-1659$c20230923$lBLL01$h1116
=CAT  \\$aBATCH-CLA$b00$c20230924$lBLL01$h0649
=CFI  0\$aBritish Library not licensed to copy$c0$e01-apr-2014$hC$iCFP Excluded$5Uk
=FIN  \\$aY$d20071228
=FMT  \\$a  BK
=LAS  \\$aBATCH-CLA$b00$c20230924$lBLL01$h0649
=SID  \\$aZ39$bOCLC
=TCO  \\$aTRS$bCCC$c008

