=LDR  01795 am a2200493 a 4500
=001  014483590
=003  Uk
=005  20081111095643.0
=008  080103s2007\\\\enka\\\\\b\\\\000\0\eng\\
=015  \\$aGBA8C7765$2bnb
=016  7\$a014483590$2Uk
=020  \\$cNo price (pbk.)
=040  \\$aUk$beng$cUk
=042  \\$aukblsr
=082  04$a332.46$222
=100  1\$aCorsetti, Giancarlo.
=245  10$aOptimal monetary policy and the sources of local-currency price stability /$cGiancarlo Corsetti, Luca Dedola, Sylvain Leduc.
=260  \\$aLondon :$bCentre for Economic Policy Research,$c2007.
=300  \\$a53, [2] p. :$bill. ;$c21 cm.
=336  \\$atext$2rdacontent
=337  \\$aunmediated$2rdamedia
=338  \\$avolume$2rdacarrier
=490  1\$aDiscussion paper series,$x0265-8003 ;$vno. 6557
=500  \\$aTitle from cover.
=500  \\$a"International macroeconomics"--cover.
=504  \\$aIncludes bibliographical references.
=650  \0$aMonetary policy$xEconometric models.
=650  \0$aForeign exchange rates$xEconometric models.
=650  \0$aPrice discrimination.
=650  \0$aMarkup.
=690  7\$aManagement and Business Studies$2blcoll
=700  1\$aDedola, Luca,$d1967-
=700  1\$aLeduc, Sylvain,$d1969-
=710  2\$aCentre for Economic Policy Research (Great Britain)
=830  \0$aDiscussion paper (Centre for Economic Policy Research (Great Britain)) ;$vno. 6557.
=852  41$aBritish Library$bHMNTS$jYK.2008.a.21309
=856  41$uhttp://www.nber.org/papers/W13544
=CAT  \\$a8178$b40$c20080103$lBLL01$h1534
=CAT  \\$a7000$b40$c20081111$lBLL01$h0956
=CAT  \\$aBATCH$b00$c20090625$lBLL01$h1713
=CAT  \\$aWR16_021$c20160618$lBLL01$h1825
=FIN  \\$aY$d20081110
=FMT  \\$a  BK
=LAS  \\$aWR16_021$b00$c20160618$lBLL01$h1825

