=LDR  03286cam a2200589 a 4500
=001  014490190
=003  Uk
=005  20230924064930.0
=007  cr\mn|||||||||
=008  080104s2007\\\\maua\\\\\b\\\\000\0\eng\d
=035  \\$a(OCoLC)187316575
=040  \\$aUPM$cUPM$dGZM$dUk
=050  14$aHB1$b.W654 no. 13675
=100  1\$aHanson, Gordon H.$q(Gordon Howard)
=245  14$aThe great Mexican emigration /$cGordon H. Hanson, Craig McIntosh.
=260  \\$aCambridge, Mass. :$bNational Bureau of Economic Research,$cc2007.
=300  \\$a47, [6] p. :$bill. ;$c22 cm.
=336  \\$atext$2rdacontent
=337  \\$acomputer$2rdamedia
=338  \\$aonline resource$2rdacarrier
=490  1\$aNBER working paper series ;$vworking paper 13675
=500  \\$a"December 2007."
=504  \\$aIncludes bibliographical references (p. 38-40).
=520  \\$aIn this paper, we examine net emigration from Mexico over the period 1960 to 2000. The data are consistent with labor-supply shocks having made a substantial contribution to Mexican emigration, accounting for one third of Mexican labor flows to the U.S. over the last 25 years of the 20th century. Net emigration rates by Mexican state birth-year cohort display a strong positive correlation with the initial size of the Mexican cohort, relative to the corresponding U.S. cohort. Labor-demand shocks also contribute to emigration, but the state-specific component of these is muted relative to labor supply. In states with long histories of emigration, the effects of cohort size on emigration are relatively strong, consistent with the existence pre-existing networks. In states without a history of emigration, the effects of cohort size on emigration accelerate as a cohort ages, consistent with the creation of new networks.
=530  \\$aAlso available in PDF from the NBER World Wide Web site (www.nber.org).
=540  \\$aBritish Library not licensed to copy$c0$5Uk
=651  \0$aMexico$xEmigration and immigration$y20th century$xEconometric models.
=700  1\$aMcIntosh, Craig.
=710  2\$aNational Bureau of Economic Research.
=830  \0$aWorking paper series (National Bureau of Economic Research) ;$vworking paper no. 13675.
=852  41$aBritish Library$bDSC$j6067.719500$ino. 13675
=856  41$uhttp://www.nber.org/papers/W13675
=ACF  \\$aBritish Library not licensed to copy$c0$e01-oct-2013$hC$iCFP Excluded$5Uk
=CAT  \\$a8411$b40$c20080111$lBLL01$h0941
=CAT  \\$aBATCH-CLA$b00$c20130527$lBLL01$h0130
=CAT  \\$aBATCH-CLA$b00$c20130630$lBLL01$h1630
=CAT  \\$aIPL-CLA$c20130701$lBLL01$h0118
=CAT  \\$aBATCH-CLA$b00$c20130702$lBLL01$h0202
=CAT  \\$aBATCH-CLA$b00$c20130929$lBLL01$h1619
=CAT  \\$aIPL-CLA$c20130930$lBLL01$h1758
=CAT  \\$aBATCH-CLA$b00$c20131202$lBLL01$h0331
=CAT  \\$aIPL-CLA$c20140101$lBLL01$h0047
=CAT  \\$aBATCH-CLA$b00$c20140327$lBLL01$h1829
=CAT  \\$aIPL-CLA$c20140331$lBLL01$h1633
=CAT  \\$aW2308-1659$c20230923$lBLL01$h1116
=CAT  \\$aBATCH-CLA$b00$c20230924$lBLL01$h0649
=CFI  0\$aBritish Library not licensed to copy$c0$e01-apr-2014$hC$iCFP Excluded$5Uk
=FIN  \\$aY$d20080111
=FMT  \\$a  BK
=LAS  \\$aBATCH-CLA$b00$c20230924$lBLL01$h0649
=SID  \\$aZ39$bOCLC
=TCO  \\$aTRS$bCCC$c008

