=LDR  03303cam a22006257a 4500
=001  014490260
=003  Uk
=005  20230924064930.0
=007  cr\mn|||||||||
=008  071228s2007\\\\maua\\\\\b\\\\000\0\eng\d
=035  \\$a(OCoLC)185061025
=040  \\$aIUL$cIUL$dGZM$dUk
=043  \\$af------
=100  0\$aAwash Teklehaimanot.
=245  10$aScaling up malaria control in Africa :$ban economic and epidemiological assessment /$cAwash Teklehaimanot, Gordon C. McCord, Jeffrey D. Sachs.
=260  \\$aCambridge, Mass. :$bNational Bureau of Economic Research,$cc2007.
=300  \\$a22 p. :$bill. ;$c22 cm.
=336  \\$atext$2rdacontent
=337  \\$acomputer$2rdamedia
=338  \\$aonline resource$2rdacarrier
=490  1\$aNBER working paper series ;$vno. 13664
=500  \\$a"December 2007".
=504  \\$aIncludes bibliographical references.
=520  \\$aThis paper estimates the number of people at risk of contracting malaria in Africa using GIS methods and the disease's epidemiologic characteristics. It then estimates yearly costs of covering the population at risk with the package of interventions (differing by level of malaria endemicity and differing for rural and urban populations) for malaria as recommended by the UN Millennium Project. These projected costs are calculated assuming a ramp-up of coverage to full coverage by 2008, and then projected out through 2015 to give a year-by-year cost of meeting the Millennium Development Goal for reducing the burden of malaria by 75% We conclude that the cost of comprehensive malaria control for Africa is US{dollar}3.0 billion per year on average, or around US{dollar}4.02 per African at risk.
=530  \\$aAlso available in PDF from the NBER world wide web site (www.nber.org).
=540  \\$aBritish Library not licensed to copy$c0$5Uk
=650  \0$aMalaria$zAfrica$xPrevention$xEconometric models.
=650  \0$aMalaria$zAfrica$xPrevention$xCosts.
=700  1\$aMcCord, Gordon C.$q(Gordon Carlos).
=700  1\$aSachs, Jeffrey.
=710  2\$aNational Bureau of Economic Research.
=830  \0$aWorking paper series (National Bureau of Economic Research) ;$vworking paper no. 13664.
=852  41$aBritish Library$bDSC$j6067.719500$ino. 13664
=856  41$uhttp://www.nber.org/papers/W13664
=ACF  \\$aBritish Library not licensed to copy$c0$e01-oct-2013$hC$iCFP Excluded$5Uk
=CAT  \\$a8411$b40$c20080111$lBLL01$h1033
=CAT  \\$aBATCH-CLA$b00$c20130527$lBLL01$h0130
=CAT  \\$aBATCH-CLA$b00$c20130630$lBLL01$h1630
=CAT  \\$aIPL-CLA$c20130701$lBLL01$h0118
=CAT  \\$aBATCH-CLA$b00$c20130702$lBLL01$h0202
=CAT  \\$aBATCH-CLA$b00$c20130929$lBLL01$h1619
=CAT  \\$aIPL-CLA$c20130930$lBLL01$h1758
=CAT  \\$aBATCH-CLA$b00$c20131202$lBLL01$h0331
=CAT  \\$aIPL-CLA$c20140101$lBLL01$h0047
=CAT  \\$aBATCH-CLA$b00$c20140327$lBLL01$h1829
=CAT  \\$aIPL-CLA$c20140331$lBLL01$h1633
=CAT  \\$aBATCH-UPD$b00$c20170309$lBLL01$h2048
=CAT  \\$aW2308-1659$c20230923$lBLL01$h1116
=CAT  \\$aBATCH-CLA$b00$c20230924$lBLL01$h0649
=CFI  0\$aBritish Library not licensed to copy$c0$e01-apr-2014$hC$iCFP Excluded$5Uk
=FIN  \\$aY$d20080111
=FMT  \\$a  BK
=LAS  \\$aBATCH-CLA$b00$c20230924$lBLL01$h0649
=SID  \\$aZ39$bOCLC
=TCO  \\$aTRS$bCCC$c008

