=LDR  03745cam a22005897a 4500
=001  014490268
=003  Uk
=005  20230924064930.0
=007  cr\mn|||||||||
=008  071228s2007\\\\maua\\\\\b\\\\000\0\eng\d
=035  \\$a(OCoLC)185061204
=040  \\$aIUL$cIUL$dGZM$dUk
=100  1\$aGorodnichenko, Yuriy.
=245  10$aUsing firm optimization to evaluate and estimate returns to scale /$cYuriy Gorodnichenko.
=260  \\$aCambridge, Mass. :$bNational Bureau of Economic Research,$cc2007.
=300  \\$a72 p. :$bill. ;$c22 cm.
=336  \\$atext$2rdacontent
=337  \\$acomputer$2rdamedia
=338  \\$aonline resource$2rdacarrier
=490  1\$aNBER working paper series ;$vno. 13666
=500  \\$a"December 2007".
=504  \\$aIncludes bibliographical references (p. 42-45).
=520  \\$aAt the firm level, revenue and costs are well measured but prices and quantities are not. This paper shows that because of these data limitations estimates of returns to scale at the firm level are for the revenue function, not production function. Given this observation, the paper argues that, under weak assumptions, micro-level estimates of returns to scale are often inconsistent with profit maximization or imply implausibly large profits. The puzzle arises because popular estimators ignore heterogeneity and endogeneity in factor/product prices, assume perfect elasticity of factor supply curves or neglect the restrictions imposed by profit maximization (cost minimization) so that estimators are inconsistent or poorly identified. The paper argues that simple structural estimators can address these problems. Specifically, the paper proposes a full-information estimator that models the cost and the revenue functions simultaneously and accounts for unobserved heterogeneity in productivity and factor prices symmetrically. The strength of the proposed estimator is illustrated by Monte Carlo simulations and an empirical application. Finally, the paper discusses a number of implications of estimating revenue functions rather than production functions and demonstrates that the profit share in revenue is a robust non-parametric economic diagnostic for estimates of returns to scale.
=530  \\$aAlso available in PDF from the NBER world wide web site (www.nber.org).
=540  \\$aBritish Library not licensed to copy$c0$5Uk
=650  \0$aProfit$xEconometric models.
=650  \0$aCorporations$xFinance$xEconometric models.
=710  2\$aNational Bureau of Economic Research.
=830  \0$aWorking paper series (National Bureau of Economic Research) ;$vworking paper no. 13666.
=852  41$aBritish Library$bDSC$j6067.719500$ino. 13666
=856  41$uhttp://www.nber.org/papers/W13666
=ACF  \\$aBritish Library not licensed to copy$c0$e01-oct-2013$hC$iCFP Excluded$5Uk
=CAT  \\$a8411$b40$c20080111$lBLL01$h1039
=CAT  \\$a8411$b40$c20080111$lBLL01$h1040
=CAT  \\$aBATCH-CLA$b00$c20130527$lBLL01$h0130
=CAT  \\$aBATCH-CLA$b00$c20130630$lBLL01$h1630
=CAT  \\$aIPL-CLA$c20130701$lBLL01$h0118
=CAT  \\$aBATCH-CLA$b00$c20130702$lBLL01$h0202
=CAT  \\$aBATCH-CLA$b00$c20130929$lBLL01$h1619
=CAT  \\$aIPL-CLA$c20130930$lBLL01$h1758
=CAT  \\$aBATCH-CLA$b00$c20131202$lBLL01$h0331
=CAT  \\$aIPL-CLA$c20140101$lBLL01$h0047
=CAT  \\$aBATCH-CLA$b00$c20140327$lBLL01$h1829
=CAT  \\$aIPL-CLA$c20140331$lBLL01$h1633
=CAT  \\$aW2308-1659$c20230923$lBLL01$h1116
=CAT  \\$aBATCH-CLA$b00$c20230924$lBLL01$h0649
=CFI  0\$aBritish Library not licensed to copy$c0$e01-apr-2014$hC$iCFP Excluded$5Uk
=FIN  \\$aY$d20080111
=FMT  \\$a  BK
=LAS  \\$aBATCH-CLA$b00$c20230924$lBLL01$h0649
=SID  \\$aZ39$bOCLC
=TCO  \\$aTRS$bCCC$c008

