=LDR  03520cam a22005897a 4500
=001  014492833
=003  Uk
=005  20230924064930.0
=007  cr\mn|||||||||
=008  080115s2007\\\\maua\\\\\b\\\\000\0\eng\d
=035  \\$a(OCoLC)190811631
=040  \\$aGZM$cGZM$dUk
=100  1\$aRodríguez-Clare, Andrés.
=245  10$aTrade, diffusion and the gains from openness /$cAndrés Rodríguez-Clare.
=260  \\$aCambridge, Mass. :$bNational Bureau of Economic Research,$cc2007.
=300  \\$a44 p. :$bill. ;$c22 cm.
=336  \\$atext$2rdacontent
=337  \\$acomputer$2rdamedia
=338  \\$aonline resource$2rdacarrier
=490  1\$aNBER working paper series ;$vno. 13662
=500  \\$a"December 2007".
=504  \\$aIncludes bibliographical references (p. 42-44).
=520  \\$aBuilding on Eaton and Kortum's (2002) model of Ricardian trade, Alvarez and Lucas (2005) calculate that a small country representing 1% of the world's GDP experiences a gain of 41% as it goes from autarky to frictionless trade with the rest of the world. But the gains from openness, which includes not only trade but all the other ways through which countries interact, are arguably much higher than the gains from trade. This paper presents and then calibrates a model where countries interact through trade as well as diffusion of ideas, and then quantifies the overall gains from openness and the role of trade in generating these gains. Having the model match the trade data (i.e., the gravity equation) and the observed growth rate is critical for this quantification to be reasonable. The main result of the paper is that, compared to the model without diffusion, the gains from openness are much larger (206%-240%) and the gains from trade are smaller (13%-24%) when diffusion is included in the model. This last result is a consequence of a novel feature of the model, namely that trade and diffusion are substitutes, implying that trade generates smaller gains when diffusion is present.
=530  \\$aAlso available in PDF from the NBER World Wide Web site (www.nber.org).
=540  \\$aBritish Library not licensed to copy$c0$5Uk
=650  \0$aFree trade.
=650  \0$aDiffusion of innovations$xEconomic aspects.
=710  2\$aNational Bureau of Economic Research.
=830  \0$aWorking paper series (National Bureau of Economic Research) ;$vworking paper no. 13662.
=852  41$aBritish Library$bDSC$j6067.719500$ino. 13662
=856  41$uhttp://www.nber.org/papers/W13662
=ACF  \\$aBritish Library not licensed to copy$c0$e01-oct-2013$hC$iCFP Excluded$5Uk
=CAT  \\$a8411$b40$c20080115$lBLL01$h1538
=CAT  \\$a11250$b40$c20080123$lBLL01$h0848
=CAT  \\$aBATCH-CLA$b00$c20130527$lBLL01$h0130
=CAT  \\$aBATCH-CLA$b00$c20130630$lBLL01$h1630
=CAT  \\$aIPL-CLA$c20130701$lBLL01$h0118
=CAT  \\$aBATCH-CLA$b00$c20130702$lBLL01$h0202
=CAT  \\$aBATCH-CLA$b00$c20130929$lBLL01$h1619
=CAT  \\$aIPL-CLA$c20130930$lBLL01$h1758
=CAT  \\$aBATCH-CLA$b00$c20131202$lBLL01$h0331
=CAT  \\$aIPL-CLA$c20140101$lBLL01$h0047
=CAT  \\$aBATCH-CLA$b00$c20140327$lBLL01$h1829
=CAT  \\$aIPL-CLA$c20140331$lBLL01$h1633
=CAT  \\$aW2308-1659$c20230923$lBLL01$h1117
=CAT  \\$aBATCH-CLA$b00$c20230924$lBLL01$h0649
=CFI  0\$aBritish Library not licensed to copy$c0$e01-apr-2014$hC$iCFP Excluded$5Uk
=FIN  \\$aY$d20080123
=FMT  \\$a  BK
=LAS  \\$aBATCH-CLA$b00$c20230924$lBLL01$h0649
=SID  \\$aZ39$bOCLC
=TCO  \\$aTRS$bCCC$c008

