=LDR  03927cam a22006257a 4500
=001  014492842
=003  Uk
=005  20230924064930.0
=007  cr\mn|||||||||
=008  080115s2007\\\\maua\\\\\b\\\\000\0\eng\d
=035  \\$a(OCoLC)190811543
=040  \\$aGZM$cGZM$dUk
=043  \\$an-us---
=100  1\$aCharles, Kerwin Kofi.
=245  10$aPrejudice and the economics of discrimination /$cKerwin Kofi Charles, Jonathan Guryan.
=260  \\$aCambridge, Mass. :$bNational Bureau of Economic Research,$cc2007.
=300  \\$a26, [19] p. :$bill. ;$c22 cm.
=336  \\$atext$2rdacontent
=337  \\$acomputer$2rdamedia
=338  \\$aonline resource$2rdacarrier
=490  1\$aNBER working paper series ;$vno. 13661
=500  \\$a"December 2007".
=504  \\$aIncludes bibliographical references.
=520  \\$aThis paper tests the predictions about the relationship between racial prejudice and racial wage gaps from Becker's (1957) seminal work on employer discrimination - something which has not previously been done in the large economics discrimination literature. Using rich data on racial prejudice from the General Social Survey, we find strong support for all of the key predictions from Becker about the relationship between prejudice and racial wage gaps. In particular, we show that, relative to white wages, black wages: (a) vary negatively with a measure of the prejudice of the "marginal" white in a state; (b) vary negatively with the prejudice in the lower tail of the prejudice distribution, but are unaffected by the prejudice of the most prejudiced persons in a state; and (c) vary negatively with the fraction of a state that is black. We show that these results are robust to a variety of extensions, including directly controlling for racial skill quality differences and instrumental variables estimates. We present some initial evidence to show that racial wage gaps are larger the more racially integrated is a state₂s workforce, also as Becker's model predicts. The paper also briefly discusses familiar criticisms and extensions of the standard Becker model, including an argument of our own which, like some recent work, shows that the model's main predictions can be shown theoretically to survive the effects of long run competition.
=530  \\$aAlso available in PDF from the NBER World Wide Web site (www.nber.org).
=540  \\$aBritish Library not licensed to copy$c0$5Uk
=650  \0$aRacism$xEconomic aspects.
=650  \0$aDiscrimination in employment$xEconometric models.
=650  \0$aAfrican Americans$xSalaries, etc.$xEconometric models.
=700  1\$aGuryan, Jonathan.
=710  2\$aNational Bureau of Economic Research.
=830  \0$aWorking paper series (National Bureau of Economic Research) ;$vworking paper no. 13661.
=852  41$aBritish Library$bDSC$j6067.719500$ino. 13661
=856  41$uhttp://www.nber.org/papers/W13661
=ACF  \\$aBritish Library not licensed to copy$c0$e01-oct-2013$hC$iCFP Excluded$5Uk
=CAT  \\$a8411$b40$c20080115$lBLL01$h1543
=CAT  \\$a11250$b40$c20080123$lBLL01$h0851
=CAT  \\$aBATCH-CLA$b00$c20130527$lBLL01$h0130
=CAT  \\$aBATCH-CLA$b00$c20130630$lBLL01$h1630
=CAT  \\$aIPL-CLA$c20130701$lBLL01$h0118
=CAT  \\$aBATCH-CLA$b00$c20130702$lBLL01$h0202
=CAT  \\$aBATCH-CLA$b00$c20130929$lBLL01$h1619
=CAT  \\$aIPL-CLA$c20130930$lBLL01$h1758
=CAT  \\$aBATCH-CLA$b00$c20131202$lBLL01$h0331
=CAT  \\$aIPL-CLA$c20140101$lBLL01$h0047
=CAT  \\$aBATCH-CLA$b00$c20140327$lBLL01$h1829
=CAT  \\$aIPL-CLA$c20140331$lBLL01$h1633
=CAT  \\$aW2308-1659$c20230923$lBLL01$h1117
=CAT  \\$aBATCH-CLA$b00$c20230924$lBLL01$h0649
=CFI  0\$aBritish Library not licensed to copy$c0$e01-apr-2014$hC$iCFP Excluded$5Uk
=FIN  \\$aY$d20080123
=FMT  \\$a  BK
=LAS  \\$aBATCH-CLA$b00$c20230924$lBLL01$h0649
=SID  \\$aZ39$bOCLC
=TCO  \\$aTRS$bCCC$c008

