=LDR  03177cam a22005897a 4500
=001  014492846
=003  Uk
=005  20230924064930.0
=007  cr\mn|||||||||
=008  080114s2007\\\\mau\\\\\\b\\\\000\0\eng\d
=035  \\$a(OCoLC)190791968
=040  \\$aGZM$cGZM$dGZM$dUk
=245  00$aFinancial structure, liquidity, and firm locations /$cAndres Almazan ... [et al.].
=260  \\$aCambridge, Mass. :$bNational Bureau of Economic Research,$cc2007.
=300  \\$a26, [10] p. ;$c22 cm.
=336  \\$atext$2rdacontent
=337  \\$acomputer$2rdamedia
=338  \\$aonline resource$2rdacarrier
=490  1\$aNBER working paper series ;$vno. 13660
=500  \\$a"December 2007".
=504  \\$aIncludes bibliographical references (p. 22-26).
=520  \\$aThis paper investigates the relation between a firm's location and its corporate finance decisions. We develop a simple model where being located within an industry cluster increases opportunities to make acquisitions, and to facilitate those acquisitions, firms within clusters maintain more financial slack. Consistent with our model we find that firms that are located within industry clusters tend to make more acquisitions, and have lower debt ratios and larger cash balances than their industry peers located outside clusters. In addition, we document that firms in growing cities and technology centers also maintain more financial slack. Overall, these findings, which reveal systematic patterns between geography and corporate finance choices, suggest the importance of growth opportunities in firms' financial decisions.
=530  \\$aAlso available in PDF from the NBER World Wide Web site (www.nber.org).
=540  \\$aBritish Library not licensed to copy$c0$5Uk
=650  \0$aCorporations$xFinance$xEconometric models.
=650  \0$aIndustrial location$xEconomic aspects.
=700  1\$aAlmazan, Andres.
=710  2\$aNational Bureau of Economic Research.
=830  \0$aWorking paper series (National Bureau of Economic Research) ;$vworking paper no. 13660.
=852  41$aBritish Library$bDSC$j6067.719500$ino. 13660
=856  41$uhttp://www.nber.org/papers/W13660
=ACF  \\$aBritish Library not licensed to copy$c0$e01-oct-2013$hC$iCFP Excluded$5Uk
=CAT  \\$a8411$b40$c20080115$lBLL01$h1546
=CAT  \\$a11250$b40$c20080123$lBLL01$h0850
=CAT  \\$aBATCH-CLA$b00$c20130527$lBLL01$h0130
=CAT  \\$aBATCH-CLA$b00$c20130630$lBLL01$h1630
=CAT  \\$aIPL-CLA$c20130701$lBLL01$h0118
=CAT  \\$aBATCH-CLA$b00$c20130702$lBLL01$h0202
=CAT  \\$aBATCH-CLA$b00$c20130929$lBLL01$h1619
=CAT  \\$aIPL-CLA$c20130930$lBLL01$h1758
=CAT  \\$aBATCH-CLA$b00$c20131202$lBLL01$h0331
=CAT  \\$aIPL-CLA$c20140101$lBLL01$h0047
=CAT  \\$aBATCH-CLA$b00$c20140327$lBLL01$h1829
=CAT  \\$aIPL-CLA$c20140331$lBLL01$h1633
=CAT  \\$aW2308-1659$c20230923$lBLL01$h1117
=CAT  \\$aBATCH-CLA$b00$c20230924$lBLL01$h0649
=CFI  0\$aBritish Library not licensed to copy$c0$e01-apr-2014$hC$iCFP Excluded$5Uk
=FIN  \\$aY$d20080123
=FMT  \\$a  BK
=LAS  \\$aBATCH-CLA$b00$c20230924$lBLL01$h0649
=SID  \\$aZ39$bOCLC
=TCO  \\$aTRS$bCCC$c008

