=LDR  03112cam a22005777a 4500
=001  014492850
=003  Uk
=005  20230924064930.0
=007  cr\mn|||||||||
=008  080114s2007\\\\maua\\\\\b\\\\000\0\eng\d
=035  \\$a(OCoLC)190791579
=040  \\$aGZM$cGZM$dGZM$dUk
=245  00$aHow sovereign is sovereign credit risk? /$cFrancis A. Longstaff ... [et al.].
=260  \\$aCambridge, Mass. :$bNational Bureau of Economic Research,$cc2007.
=300  \\$a28, [12] p. :$bill. ;$c22 cm.
=336  \\$atext$2rdacontent
=337  \\$acomputer$2rdamedia
=338  \\$aonline resource$2rdacarrier
=490  1\$aNBER working paper series ;$vno. 13658
=500  \\$a"December 2007".
=504  \\$aIncludes bibliographical references (p. 25-29).
=520  \\$aWe study the nature of sovereign credit risk using an extensive sample of CDS spreads for 26 developed and emerging-market countries. Sovereign credit spreads are surprisingly highly correlated, with just three principal components accounting for more than 50 percent of their variation. Sovereign credit spreads are generally more related to the U.S. stock and high-yield bond markets, global risk premia, and capital flows than they are to their own local economic measures. We find that the excess returns from investing in sovereign credit are largely compensation for bearing global risk, and that there is little or no country-specific credit risk premium. A significant amount of the variation in sovereign credit returns can be forecast using U.S. equity, volatility, and bond market risk premia.
=530  \\$aAlso available in PDF from the NBER World Wide Web site (www.nber.org).
=540  \\$aBritish Library not licensed to copy$c0$5Uk
=650  \0$aInternational finance$xEconometric models.
=700  1\$aLongstaff, Francis A.,$d1956-
=710  2\$aNational Bureau of Economic Research.
=830  \0$aWorking paper series (National Bureau of Economic Research) ;$vworking paper no. 13658.
=852  41$aBritish Library$bDSC$j6067.719500$ino. 13658
=856  41$uhttp://www.nber.org/papers/W13658
=ACF  \\$aBritish Library not licensed to copy$c0$e01-oct-2013$hC$iCFP Excluded$5Uk
=CAT  \\$a8411$b40$c20080115$lBLL01$h1549
=CAT  \\$a11250$b40$c20080123$lBLL01$h0849
=CAT  \\$aBATCH-CLA$b00$c20130527$lBLL01$h0130
=CAT  \\$aBATCH-CLA$b00$c20130630$lBLL01$h1630
=CAT  \\$aIPL-CLA$c20130701$lBLL01$h0118
=CAT  \\$aBATCH-CLA$b00$c20130702$lBLL01$h0202
=CAT  \\$aBATCH-CLA$b00$c20130929$lBLL01$h1619
=CAT  \\$aIPL-CLA$c20130930$lBLL01$h1758
=CAT  \\$aBATCH-CLA$b00$c20131202$lBLL01$h0331
=CAT  \\$aIPL-CLA$c20140101$lBLL01$h0047
=CAT  \\$aBATCH-CLA$b00$c20140327$lBLL01$h1829
=CAT  \\$aIPL-CLA$c20140331$lBLL01$h1633
=CAT  \\$aW2308-1659$c20230923$lBLL01$h1117
=CAT  \\$aBATCH-CLA$b00$c20230924$lBLL01$h0649
=CFI  0\$aBritish Library not licensed to copy$c0$e01-apr-2014$hC$iCFP Excluded$5Uk
=FIN  \\$aY$d20080123
=FMT  \\$a  BK
=LAS  \\$aBATCH-CLA$b00$c20230924$lBLL01$h0649
=SID  \\$aZ39$bOCLC
=TCO  \\$aTRS$bCCC$c008

