=LDR  03540cam a2200649 a 4500
=001  014503985
=003  Uk
=005  20230924064930.0
=007  cr\mn|||||||||
=008  080107s2007\\\\maua\\\\\b\\\\000\0\eng\d
=035  \\$a(OCoLC)187856724
=040  \\$aUPM$cUPM$dGZM$dUk
=050  14$aHB1$b.W654 no. 13694
=100  1\$aAgarwal, Sumit,$d1970-
=245  14$aThe reaction of consumer spending and debt to tax rebates :$bevidence from consumer credit data /$cSumit Agarwal, Chunlin Liu, Nicholas S. Souleles.
=260  \\$aCambridge, Mass. :$bNational Bureau of Economic Research,$cc2007.
=300  \\$a30, [14] p. :$bill. ;$c22 cm.
=336  \\$atext$2rdacontent
=337  \\$acomputer$2rdamedia
=338  \\$aonline resource$2rdacarrier
=490  1\$aNBER working paper series ;$vworking paper 13694
=500  \\$a"December 2007."
=504  \\$aIncludes bibliographical references (p. [31]-[33]).
=520  \\$aWe use a new panel dataset of credit card accounts to analyze how consumers responded to the 2001 Federal income tax rebates. We estimate the monthly response of credit card payments, spending, and debt, exploiting the unique, randomized timing of the rebate disbursement. We find that, on average, consumers initially saved some of the rebate, by increasing their credit card payments and thereby paying down debt. But soon afterwards their spending increased, counter to the canonical Permanent-Income model. Spending rose most for consumers who were initially most likely to be liquidity constrained, whereas debt declined most (so saving rose most) for unconstrained consumers. More generally, the results suggest that there can be important dynamics in consumers' response to "lumpy" increases in income like tax rebates, working in part through balance sheet (liquidity) mechanisms.
=530  \\$aAlso available in PDF from the NBER World Wide Web site (www.nber.org).
=540  \\$aBritish Library not licensed to copy$c0$5Uk
=650  \0$aTax refunds$xEconomic aspects$zUnited States.
=650  \0$aConsumption (Economics)$zUnited States.
=650  \0$aDebt$zUnited States.
=700  1\$aLiu, Chunlin,$d1965-
=700  1\$aSouleles, Nicholas S.
=710  2\$aNational Bureau of Economic Research.
=830  \0$aWorking paper series (National Bureau of Economic Research) ;$vworking paper no. 13694.
=852  41$aBritish Library$bDSC$j6067.719500$ino. 13694
=856  41$uhttp://www.nber.org/papers/W13694
=ACF  \\$aBritish Library not licensed to copy$c0$e01-oct-2013$hC$iCFP Excluded$5Uk
=CAT  \\$a10775$b40$c20080128$lBLL01$h1353
=CAT  \\$aBATCH-CLA$b00$c20130527$lBLL01$h0130
=CAT  \\$aBATCH-CLA$b00$c20130630$lBLL01$h1630
=CAT  \\$aIPL-CLA$c20130701$lBLL01$h0118
=CAT  \\$aBATCH-CLA$b00$c20130702$lBLL01$h0202
=CAT  \\$aBATCH-CLA$b00$c20130929$lBLL01$h1619
=CAT  \\$aIPL-CLA$c20130930$lBLL01$h1758
=CAT  \\$aBATCH-CLA$b00$c20131202$lBLL01$h0331
=CAT  \\$aIPL-CLA$c20140101$lBLL01$h0048
=CAT  \\$aBATCH-CLA$b00$c20140327$lBLL01$h1829
=CAT  \\$aIPL-CLA$c20140331$lBLL01$h1633
=CAT  \\$aBATCH-UPD$b00$c20210228$lBLL01$h2041
=CAT  \\$aBATCH-CLA$b00$c20210301$lBLL01$h0104
=CAT  \\$aW2308-1659$c20230923$lBLL01$h1117
=CAT  \\$aBATCH-CLA$b00$c20230924$lBLL01$h0649
=CFI  0\$aBritish Library not licensed to copy$c0$e01-apr-2014$hC$iCFP Excluded$5Uk
=FIN  \\$aY$d20080128
=FMT  \\$a  BK
=LAS  \\$aBATCH-CLA$b00$c20230924$lBLL01$h0649
=SID  \\$aZ39$bOCLC
=TCO  \\$aTRS$bCCC$c008

