=LDR  03014cam a2200457 a 4500
=001  014504000
=003  Uk
=005  20150203171840.0
=007  cr\mn|||||||||
=008  080104s2007\\\\maua\\\\\b\\\\000\0\eng\d
=035  \\$a(OCoLC)187316349
=040  \\$aUPM$cUPM$dGZM$dUk
=043  \\$an-us---
=050  14$aHB1$b.W654 no. 13695
=100  1\$aYi, Ung.
=245  10$aPrivate deception and the rise of public employment offices in the United States, 1890-1930 /$cWoong Lee.
=260  \\$aCambridge, Mass. :$bNational Bureau of Economic Research,$cc2007.
=300  \\$a35 p. :$bill. ;$c22 cm.
=336  \\$atext$2rdacontent
=337  \\$acomputer$2rdamedia
=338  \\$aonline resource$2rdacarrier
=490  1\$aNBER working paper series ;$vworking paper 13695
=500  \\$a"December 2007."
=504  \\$aIncludes bibliographical references (p. 22-25).
=520  \\$aAt the turn of the 20th century, state and local\ governments in the United States began to establish public employment offices. These non-profit governmental organizations match job seekers and businesses, one of their main objectives being to protect job seekers from fraudulent activities by private employment agencies. In this paper, I propose a theory that describes the malpractices of private employment agencies as a situation of asymmetric information between job seekers and the private employment agencies, which could cause adverse selection in the labor exchange market. The establishment of public employment offices can be viewed as a policy device to eliminate low-quality private employment agencies committing malpractices. I show that public employment offices helped lower the degree of asymmetric information. The majority of job seekers who used public employment offices were unskilled workers, immigrants, or migrants who were vulnerable to exploitation by private employment agencies. I also find that the role of public employment offices was especially important for interstate migrants who were most lacking in information and networks in their new environment.
=530  \\$aAlso available in PDF from the NBER World Wide Web site (www.nber.org).
=650  \0$aUnemployed$xServices for$zUnited States$xHistory$y19th century.
=650  \0$aUnemployed$xServices for$zUnited States$xHistory$y20th century.
=650  \0$aUnemployed$xGovernment policy$zUnited States$xHistory$y19th century.
=650  \0$aUnemployed$xGovernment policy$zUnited States$xHistory$y20th century.
=710  2\$aNational Bureau of Economic Research.
=830  \0$aWorking paper series (National Bureau of Economic Research) ;$vworking paper no. 13695.
=852  41$aBritish Library$bDSC$j60067.719500$ino. 13695
=856  41$uhttp://www.nber.org/papers/W13695
=CAT  \\$a10775$b40$c20080128$lBLL01$h1407
=CAT  \\$a7416$b40$c20150203$lBLL01$h1718
=CAT  \\$aW2308-1659$c20230923$lBLL01$h1118
=FIN  \\$aY$d20080128
=FMT  \\$a  BK
=LAS  \\$aW2308-1659$b00$c20230923$lBLL01$h1118
=SID  \\$aZ39$bOCLC

