=LDR  02796cam a22005657a 4500
=001  014504003
=003  Uk
=005  20230924064931.0
=007  cr\mn|||||||||
=008  080111s2007\\\\maua\\\\\b\\\\000\0\eng\d
=035  \\$a(OCoLC)190773876
=040  \\$aIUL$cIUL$dGZM$dUk
=100  1\$aTaylor, John B.
=245  14$aThe explanatory power of monetary policy rules /$cJohn B. Taylor.
=260  \\$aCambridge, Mass. :$bNational Bureau of Economic Research,$cc2007.
=300  \\$a20 p. :$bill. ;$c22 cm.
=336  \\$atext$2rdacontent
=337  \\$acomputer$2rdamedia
=338  \\$aonline resource$2rdacarrier
=490  1\$aNBER working paper series ;$vno. 13685
=500  \\$a"December 2007."
=504  \\$aIncludes bibliographical references (p. 12-13).
=520  \\$aThis paper shows that the theory of monetary policy rules is able to explain, predict, and help understand a variety of phenomenon in macroeconomics and finance, including the Great Moderation, the correlation between exchange rates and interest rates, and the shift in the response of the term structure of interest rates to inflation and output. Although the theory was originally designed for normative reasons, it has turned out to have positive implications which validate it scientifically. And while initially focused on the United States, it has applied equally well in other countries.
=530  \\$aAlso available in PDF from the NBER world wide web site (www.nber.org).
=540  \\$aBritish Library not licensed to copy$c0$5Uk
=650  \0$aMonetary policy.
=710  2\$aNational Bureau of Economic Research.
=830  \0$aWorking paper series (National Bureau of Economic Research) ;$vworking paper no. 13685.
=852  41$aBritish Library$bDSC$j6067.719500$ino. 13685
=856  41$uhttp://www.nber.org/papers/W13685
=ACF  \\$aBritish Library not licensed to copy$c0$e01-oct-2013$hC$iCFP Excluded$5Uk
=CAT  \\$a10775$b40$c20080128$lBLL01$h1410
=CAT  \\$aBATCH-CLA$b00$c20130527$lBLL01$h0130
=CAT  \\$aBATCH-CLA$b00$c20130630$lBLL01$h1630
=CAT  \\$aIPL-CLA$c20130701$lBLL01$h0118
=CAT  \\$aBATCH-CLA$b00$c20130702$lBLL01$h0202
=CAT  \\$aBATCH-CLA$b00$c20130929$lBLL01$h1619
=CAT  \\$aIPL-CLA$c20130930$lBLL01$h1758
=CAT  \\$aBATCH-CLA$b00$c20131202$lBLL01$h0331
=CAT  \\$aIPL-CLA$c20140101$lBLL01$h0048
=CAT  \\$aBATCH-CLA$b00$c20140327$lBLL01$h1829
=CAT  \\$aIPL-CLA$c20140331$lBLL01$h1633
=CAT  \\$aW2308-1659$c20230923$lBLL01$h1118
=CAT  \\$aBATCH-CLA$b00$c20230924$lBLL01$h0649
=CFI  0\$aBritish Library not licensed to copy$c0$e01-apr-2014$hC$iCFP Excluded$5Uk
=FIN  \\$aY$d20080128
=FMT  \\$a  BK
=LAS  \\$aBATCH-CLA$b00$c20230924$lBLL01$h0649
=SID  \\$aZ39$bOCLC
=TCO  \\$aTRS$bCCC$c008

