=LDR  03088cam a2200601 a 4500
=001  014504007
=003  Uk
=005  20230924064931.0
=007  cr\mn|||||||||
=008  080104s2007\\\\maua\\\\\b\\\\000\0\eng\d
=035  \\$a(OCoLC)187316773
=040  \\$aUPM$cUPM$dGZM$dUk
=050  14$aHB1$b.W654 no. 13659
=100  1\$aRuss, Katheryn Niles,$d1973-
=245  10$aExchange rate volatility and first-time entry by multinational firms /$cKatheryn Niles Russ.
=260  \\$aCambridge, Mass. :$bNational Bureau of Economic Research,$cc2007.
=300  \\$a41, [6] p. :$bill. ;$c22 cm.
=336  \\$atext$2rdacontent
=337  \\$acomputer$2rdamedia
=338  \\$aonline resource$2rdacarrier
=490  1\$aNBER working paper series ;$vworking paper 13659
=500  \\$a"November 2007."
=504  \\$aIncludes bibliographical references (p. 25-30).
=520  \\$aUsing a model with upfront sunk costs, heterogeneous firms, and endogenous exchange rates, this paper demonstrates theoretically that volatility in fundamental variables such as the nominal interest rate that drive exchange rate volatility can simultaneously impact the entry behavior of multinational firms through a relative price channel unrelated to exchange rate risk. It then provides an empirical illustration of the bias this endogeneity can cause when regressing measures of foreign direct investment on exchange rate volatility. It is the first paper to provide empirical evidence that interest rate volatility may influence the behavior of multinational firms.
=530  \\$aAlso available in PDF from the NBER World Wide Web site (www.nber.org).
=540  \\$aBritish Library not licensed to copy$c0$5Uk
=650  \0$aInternational business enterprises$xManagement$xEconometric models.
=650  \0$aForeign exchange rates.
=650  \0$aInterest rates.
=710  2\$aNational Bureau of Economic Research.
=830  \0$aWorking paper series (National Bureau of Economic Research) ;$vworking paper no. 13659.
=852  41$aBritish Library$bDSC$j6067.719500$ino. 13659
=856  41$uhttp://www.nber.org/papers/W13659
=ACF  \\$aBritish Library not licensed to copy$c0$e01-oct-2013$hC$iCFP Excluded$5Uk
=CAT  \\$a10775$b40$c20080128$lBLL01$h1413
=CAT  \\$aBATCH-CLA$b00$c20130527$lBLL01$h0130
=CAT  \\$aBATCH-CLA$b00$c20130630$lBLL01$h1630
=CAT  \\$aIPL-CLA$c20130701$lBLL01$h0118
=CAT  \\$aBATCH-CLA$b00$c20130702$lBLL01$h0202
=CAT  \\$aBATCH-CLA$b00$c20130929$lBLL01$h1619
=CAT  \\$aIPL-CLA$c20130930$lBLL01$h1758
=CAT  \\$aBATCH-CLA$b00$c20131202$lBLL01$h0331
=CAT  \\$aIPL-CLA$c20140101$lBLL01$h0048
=CAT  \\$aBATCH-CLA$b00$c20140327$lBLL01$h1829
=CAT  \\$aIPL-CLA$c20140331$lBLL01$h1633
=CAT  \\$aW2308-1659$c20230923$lBLL01$h1118
=CAT  \\$aBATCH-CLA$b00$c20230924$lBLL01$h0649
=CFI  0\$aBritish Library not licensed to copy$c0$e01-apr-2014$hC$iCFP Excluded$5Uk
=FIN  \\$aY$d20080128
=FMT  \\$a  BK
=LAS  \\$aBATCH-CLA$b00$c20230924$lBLL01$h0649
=SID  \\$aZ39$bOCLC
=TCO  \\$aTRS$bCCC$c008

