=LDR  04277cam a22006017a 4500
=001  014504010
=003  Uk
=005  20230924064931.0
=007  cr\mn|||||||||
=008  080116s2007\\\\maua\\\\\b\\\\000\0\eng\d
=035  \\$a(OCoLC)190845822
=040  \\$aIUL$cIUL$dGZM$dUk
=100  10$aKleiner, Morris M.
=245  10$aMortgage broker regulations that matter :$banalyzing earnings, employment, and outcomes for consumers /$cMorris M. Kleiner, Richard M. Todd.
=260  \\$aCambridge, Mass. :$bNational Bureau of Economic Research,$cc2007.
=300  \\$a58 p. :$bill. ;$c22 cm.
=336  \\$atext$2rdacontent
=337  \\$acomputer$2rdamedia
=338  \\$aonline resource$2rdacarrier
=490  1\$aNBER working paper series ;$vno. 13684
=500  \\$a"December 2007."
=504  \\$aIncludes bibliographical references (p. 50-53).
=520  \\$aAs the role of mortgage brokers in mortgage origination grew from insignificant in the 1980s to dominant in recent years, questions have arisen about whether its services help or harm consumers. In response, states have increasingly regulated the business, largely by creating and tightening occupational licensing requirements for mortgage brokers. The question of whether increased occupational licensing of mortgage brokers improves consumer outcomes is theoretically ambiguous and has been little studied empirically. This study introduces a new database of mortgage broker licensing requirements and assesses the relationships between these requirements and outcomes in both the labor market for brokers and the consumer market for mortgages. We find that most aspects of mortgage broker licensing systems, such as mandatory professional education, do not have a significant and consistent statistical association with market outcomes. However, one component -- the requirement in many states that mortgage brokers maintain a surety bond or minimum net worth -- does have a significant and fairly consistent statistical relationship with both labor and consumer market outcomes. In particular, we find that tighter bonding/net worth requirements are associated with fewer brokers, fewer subprime mortgages, higher foreclosure rates, and a greater percentage of high-interest-rate mortgages. Although we do not provide a full causal interpretation of these results, we take seriously the possibility that restrictive bonding requirements for mortgage brokers have unintended negative consequences for many consumers. On balance, our results also seem to support theories of occupational licensing that stress the importance of pure entry and exit barriers over those that focus more on the human capital effects of licensing.
=530  \\$aAlso available in PDF from the NBER world wide web site (www.nber.org).
=540  \\$aBritish Library not licensed to copy$c0$5Uk
=650  \0$aMortgage brokers$xLicenses$xEconomic aspects.
=700  1\$aTodd, Richard M.
=710  2\$aNational Bureau of Economic Research.
=830  \0$aWorking paper series (National Bureau of Economic Research) ;$vworking paper no. 13684.
=852  41$aBritish Library$bDSC$j6067.719500$ino. 13684
=856  41$uhttp://www.nber.org/papers/W13684
=ACF  \\$aBritish Library not licensed to copy$c0$e01-oct-2013$hC$iCFP Excluded$5Uk
=CAT  \\$a10775$b40$c20080128$lBLL01$h1416
=CAT  \\$aBATCH-CLA$b00$c20130527$lBLL01$h0130
=CAT  \\$aBATCH-CLA$b00$c20130630$lBLL01$h1630
=CAT  \\$aIPL-CLA$c20130701$lBLL01$h0118
=CAT  \\$aBATCH-CLA$b00$c20130702$lBLL01$h0202
=CAT  \\$aBATCH-CLA$b00$c20130929$lBLL01$h1619
=CAT  \\$aIPL-CLA$c20130930$lBLL01$h1758
=CAT  \\$aBATCH-CLA$b00$c20131202$lBLL01$h0331
=CAT  \\$aIPL-CLA$c20140101$lBLL01$h0048
=CAT  \\$aBATCH-CLA$b00$c20140327$lBLL01$h1829
=CAT  \\$aIPL-CLA$c20140331$lBLL01$h1633
=CAT  \\$aBATCH-UPD$b00$c20211217$lBLL01$h2059
=CAT  \\$aBATCH-CLA$b00$c20211218$lBLL01$h0138
=CAT  \\$aW2308-1659$c20230923$lBLL01$h1118
=CAT  \\$aBATCH-CLA$b00$c20230924$lBLL01$h0649
=CFI  0\$aBritish Library not licensed to copy$c0$e01-apr-2014$hC$iCFP Excluded$5Uk
=FIN  \\$aY$d20080128
=FMT  \\$a  BK
=LAS  \\$aBATCH-CLA$b00$c20230924$lBLL01$h0649
=SID  \\$aZ39$bOCLC
=TCO  \\$aTRS$bCCC$c008

