=LDR  03959cam a22006857a 4500
=001  014504017
=003  Uk
=005  20230924064931.0
=007  cr\mn|||||||||
=008  071228s2007\\\\maua\\\\\b\\\\000\0\eng\d
=035  \\$a(OCoLC)185060995
=040  \\$aIUL$cIUL$dGZM$dUk
=043  \\$an-us---
=100  10$aBound, John.
=245  10$aHealth, economic resources and the work decisions of older men /$cJohn Bound, Todd Stinebrickner, Timothy Waidmann.
=260  \\$aCambridge, Mass. :$bNational Bureau of Economic Research,$cc2007.
=300  \\$a64 p. :$bill. ;$c22 cm.
=336  \\$atext$2rdacontent
=337  \\$acomputer$2rdamedia
=338  \\$aonline resource$2rdacarrier
=490  1\$aNBER working paper series ;$vno. 13657
=500  \\$a"November 2007."
=504  \\$aIncludes bibliographical references (p. 41-46).
=520  \\$aIn this paper, we specify a dynamic programming model that addresses the interplay among health, financial resources, and the labor market behavior of men in the later part of their working lives. Unlike previous work which has typically used self reported health of disability status as a proxy for health status, we model health as a latent variable, using self reported disability status as an indicator of this latent construct. Our model is explicitly designed to account for the possibility that the reporting of disability may be endogenous to the labor market behavior we are studying. The model is estimated using data from the Health and Retirement Study. We compare results based on our model to results based on models that treat health in the typical way, and find large differences in the estimated effect of health on behavior. While estimates based on our model suggest that health has a large impact on behavior, the estimates suggest a substantially smaller role for health than we find when using standard techniques. We use our model to simulate the impact on behavior of raising the normal retirement age, eliminating early retirement altogether and eliminating the Social Security Disability Insurance program.
=530  \\$aAlso available in PDF from the NBER world wide web site (www.nber.org).
=540  \\$aBritish Library not licensed to copy$c0$5Uk
=650  \0$aOlder men$xEmployment$xEconometric models.
=650  \0$aOlder men$xHealth and hygiene$xMeasurement.
=650  \0$aDisability evaluation.
=650  \0$aRetirement age$zUnited States.
=650  \0$aSocial security$zUnited States.
=650  \0$aInsurance, Disability$zUnited States.
=700  1\$aStinebrickner, Todd R.
=700  1\$aWaidmann, Timothy.
=710  2\$aNational Bureau of Economic Research.
=830  \0$aWorking paper series (National Bureau of Economic Research) ;$vworking paper no. 13657.
=852  41$aBritish Library$bDSC$j6067.719500$ino. 13657
=856  41$uhttp://www.nber.org/papers/W13657
=ACF  \\$aBritish Library not licensed to copy$c0$e01-oct-2013$hC$iCFP Excluded$5Uk
=CAT  \\$a10775$b40$c20080128$lBLL01$h1419
=CAT  \\$aBATCH-CLA$b00$c20130527$lBLL01$h0130
=CAT  \\$aBATCH-CLA$b00$c20130630$lBLL01$h1630
=CAT  \\$aIPL-CLA$c20130701$lBLL01$h0118
=CAT  \\$aBATCH-CLA$b00$c20130702$lBLL01$h0202
=CAT  \\$aBATCH-CLA$b00$c20130929$lBLL01$h1619
=CAT  \\$aIPL-CLA$c20130930$lBLL01$h1758
=CAT  \\$aBATCH-CLA$b00$c20131202$lBLL01$h0331
=CAT  \\$aIPL-CLA$c20140101$lBLL01$h0048
=CAT  \\$aBATCH-CLA$b00$c20140327$lBLL01$h1829
=CAT  \\$aIPL-CLA$c20140331$lBLL01$h1633
=CAT  \\$aBATCH-UPD$b00$c20211217$lBLL01$h2059
=CAT  \\$aBATCH-CLA$b00$c20211218$lBLL01$h0138
=CAT  \\$aW2308-1659$c20230923$lBLL01$h1118
=CAT  \\$aBATCH-CLA$b00$c20230924$lBLL01$h0649
=CFI  0\$aBritish Library not licensed to copy$c0$e01-apr-2014$hC$iCFP Excluded$5Uk
=FIN  \\$aY$d20080128
=FMT  \\$a  BK
=LAS  \\$aBATCH-CLA$b00$c20230924$lBLL01$h0649
=SID  \\$aZ39$bOCLC
=TCO  \\$aTRS$bCCC$c008

