=LDR  03640cam a22005777a 4500
=001  014504019
=003  Uk
=005  20230924064931.0
=007  cr\mn|||||||||
=008  080116s2007\\\\maua\\\\\b\\\\000\0\eng\d
=035  \\$a(OCoLC)190845893
=040  \\$aIUL$cIUL$dGZM$dUk
=100  1\$aGlaeser, Edward L.$q(Edward Ludwig),$d1967-
=245  14$aThe economics approach to cities /$cEdward L. Glaeser.
=260  \\$aCambridge, Mass. :$bNational Bureau of Economic Research,$cc2007.
=300  \\$a39 p. :$bill. ;$c22 cm.
=336  \\$atext$2rdacontent
=337  \\$acomputer$2rdamedia
=338  \\$aonline resource$2rdacarrier
=490  1\$aNBER working paper series ;$vno. 13696
=500  \\$a"December 2007."
=504  \\$aIncludes bibliographical references (p. 33-34).
=520  \\$aThe economic approach to cities relies on a spatial equilibrium for workers, employers and builders. The worker's equilibrium implies that positive attributes in one location, like access to downtown or high wages, are offset by negative attributes, like high housing prices. The employer's equilibrium requires that high wages be offset by a high level of productivity, perhaps due to easy access to customers or suppliers. The search for the sources of productivity differences that can justify high wages is the basis for the study of agglomeration economies which has been a significant branch of urban economics in the past 20 years. The builder's equilibrium condition pushes us to understand the causes of supply differences across space that can explain why some places have abundant construction and low prices while others have little construction and high prices. Since the economic theory of cities emphasizes a search for exogenous causes of endogenous outcomes like local wages, housing prices and city growth, it is unsurprising that the economic empirics on cities have increasingly focused on the quest for exogenous sources of variation. The economic approach to urban policy emphasizes the need to focus on people, rather than places, as the ultimate objects of policy concern and the need for policy to anticipate the mobility of people and firms.
=530  \\$aAlso available in PDF from the NBER world wide web site (www.nber.org).
=540  \\$aBritish Library not licensed to copy$c0$5Uk
=650  \0$aCities and towns$xEconometric models.
=650  \0$aUrban economics.
=710  2\$aNational Bureau of Economic Research.
=830  \0$aWorking paper series (National Bureau of Economic Research) ;$vworking paper no. 13696.
=852  41$aBritish Library$bDSC$j6067.719500$ino. 13696
=856  41$uhttp://www.nber.org/papers/W13696
=ACF  \\$aBritish Library not licensed to copy$c0$e01-oct-2013$hC$iCFP Excluded$5Uk
=CAT  \\$a10775$b40$c20080128$lBLL01$h1423
=CAT  \\$aBATCH-CLA$b00$c20130527$lBLL01$h0130
=CAT  \\$aBATCH-CLA$b00$c20130630$lBLL01$h1630
=CAT  \\$aIPL-CLA$c20130701$lBLL01$h0118
=CAT  \\$aBATCH-CLA$b00$c20130702$lBLL01$h0202
=CAT  \\$aBATCH-CLA$b00$c20130929$lBLL01$h1619
=CAT  \\$aIPL-CLA$c20130930$lBLL01$h1758
=CAT  \\$aBATCH-CLA$b00$c20131202$lBLL01$h0331
=CAT  \\$aIPL-CLA$c20140101$lBLL01$h0048
=CAT  \\$aBATCH-CLA$b00$c20140327$lBLL01$h1829
=CAT  \\$aIPL-CLA$c20140331$lBLL01$h1633
=CAT  \\$aW2308-1659$c20230923$lBLL01$h1118
=CAT  \\$aBATCH-CLA$b00$c20230924$lBLL01$h0649
=CFI  0\$aBritish Library not licensed to copy$c0$e01-apr-2014$hC$iCFP Excluded$5Uk
=FIN  \\$aY$d20080128
=FMT  \\$a  BK
=LAS  \\$aBATCH-CLA$b00$c20230924$lBLL01$h0649
=SID  \\$aZ39$bOCLC
=TCO  \\$aTRS$bCCC$c008

