=LDR  03863cam a22006257a 4500
=001  014504124
=003  Uk
=005  20230924064931.0
=007  cr\mn|||||||||
=008  080107s2007\\\\maua\\\\\b\\\\000\0\eng\d
=035  \\$a(OCoLC)188083599
=040  \\$aIUL$cIUL$dGZM$dUk
=043  \\$as-cl---
=100  1\$aMizala, Alejandra.
=245  10$aSchool markets :$bthe impact of information approximating schools' effectiveness /$cAlejandra Mizala, Miguel Urquiola.
=260  \\$aCambridge, Mass. :$bNational Bureau of Economic Research,$cc2007.
=300  \\$a53 p. :$bill. ;$c22 cm.
=336  \\$atext$2rdacontent
=337  \\$acomputer$2rdamedia
=338  \\$aonline resource$2rdacarrier
=490  1\$aNBER working paper series ;$vno. 13676
=500  \\$a"December 2007."
=504  \\$aIncludes bibliographical references (p. 25-27).
=520  \\$aThe impact of competition on academic outcomes is likely to depend on whether parents are informed about schools' effectiveness or valued added (which may or may not be correlated with absolute measures of their quality), and on whether this information influences their school choices, thereby affecting schools' market outcomes. To explore these issues, this paper considers Chile's SNED program, which seeks to identify effective schools, selecting them from within "homogeneous groups" of arguably comparable institutions. Its results are widely disseminated, and the information it generates is quite different from that conveyed by a simple test-based ranking of schools (which in Chile, turns out to largely resemble a ranking based on socioeconomic status). We rely on a sharp regression discontinuity to estimate the effect that being identified as a SNED winner has on schools₂ enrollment, tuition levels, and socioeconomic composition. Through five applications of the program, we find no consistent evidence that winning a SNED award affects these outcomes. This suggests that information on school effectiveness -- at least as it is calculated and delivered by the SNED -- might not much affect school markets.
=530  \\$aAlso available in PDF from the NBER world wide web site (www.nber.org).
=533  \\$aElectronic reproduction.$bCambridge, Mass. :$cNational Bureau of EconResearch.$nMode of access: World Wide Web; may require Adobe Acrobat Reader.
=540  \\$aBritish Library not licensed to copy$c0$5Uk
=650  \0$aSchool choice$zChile$xEconometric models.
=650  \0$aSchools$xEvaluation$xEconomic aspects$zChile.
=700  1\$aUrquiola S., Miguel$q(Urquiola Soux).
=710  2\$aNational Bureau of Economic Research.
=830  \0$aWorking paper series (National Bureau of Economic Research) ;$vworking paper no. 13676.
=852  41$aBritish Library$bDSC$j6067.719500$ino. 13676
=856  41$uhttp://www.nber.org/papers/W13676
=ACF  \\$aBritish Library not licensed to copy$c0$e01-oct-2013$hC$iCFP Excluded$5Uk
=CAT  \\$a10775$b40$c20080128$lBLL01$h1428
=CAT  \\$aBATCH-CLA$b00$c20130527$lBLL01$h0130
=CAT  \\$aBATCH-CLA$b00$c20130630$lBLL01$h1630
=CAT  \\$aIPL-CLA$c20130701$lBLL01$h0118
=CAT  \\$aBATCH-CLA$b00$c20130702$lBLL01$h0202
=CAT  \\$aBATCH-CLA$b00$c20130929$lBLL01$h1619
=CAT  \\$aIPL-CLA$c20130930$lBLL01$h1758
=CAT  \\$aBATCH-CLA$b00$c20131202$lBLL01$h0331
=CAT  \\$aIPL-CLA$c20140101$lBLL01$h0048
=CAT  \\$aBATCH-CLA$b00$c20140327$lBLL01$h1829
=CAT  \\$aIPL-CLA$c20140331$lBLL01$h1633
=CAT  \\$aBATCH-UPD$b00$c20170704$lBLL01$h0824
=CAT  \\$aW2308-1659$c20230923$lBLL01$h1118
=CAT  \\$aBATCH-CLA$b00$c20230924$lBLL01$h0649
=CFI  0\$aBritish Library not licensed to copy$c0$e01-apr-2014$hC$iCFP Excluded$5Uk
=FIN  \\$aY$d20080128
=FMT  \\$a  BK
=LAS  \\$aBATCH-CLA$b00$c20230924$lBLL01$h0649
=SID  \\$aZ39$bOCLC
=TCO  \\$aTRS$bCCC$c008

