=LDR  03625cam a22005897a 4500
=001  014504131
=003  Uk
=005  20230924064931.0
=007  cr\mn|||||||||
=008  080115s2007\\\\maua\\\\\b\\\\000\0\eng\d
=035  \\$a(OCoLC)190812422
=040  \\$aGZM$cGZM$dUk
=100  1\$aCard, David E.$q(David Edward),$d1956-
=245  10$aDoes Medicare save lives? /$cDavid Card, Carlos Dobkin, Nicole Maestas.
=260  \\$aCambridge, Mass. :$bNational Bureau of Economic Research,$cc2007.
=300  \\$a33, [22] p. :$bill. ;$c22 cm.
=336  \\$atext$2rdacontent
=337  \\$acomputer$2rdamedia
=338  \\$aonline resource$2rdacarrier
=490  1\$aNBER working paper series ;$vno. 13668
=500  \\$a"November 2007."
=504  \\$aIncludes bibliographical references (p. 31-33).
=520  \\$aThe health insurance characteristics of the population changes sharply at age 65 as most people become eligible for Medicare. But do these changes matter for health? We address this question using data on over 400,000 hospital admissions for people who are admitted through the emergency room for "non-deferrable" conditions -- diagnoses with the same daily admission rates on weekends and weekdays. Among this subset of patients there is no discernible rise in the number of admissions at age 65, suggesting that the severity of illness is similar for patients on either side of the Medicare threshold. The insurance characteristics of the two groups are much different, however, with a large jump at 65 in the fraction who have Medicare as their primary insurer, and a reduction in the fraction with no coverage. These changes are associated with significant increases in hospital list chargers, in the number of procedures performed in hospital, and in the rate that patients are transferred to other care units in the hospital. We estimate a nearly 1 percentage point drop in 7-day mortality for patients at age 65, implying that Medicare eligibility reduces the death rate of this severely ill patient group by 20 percent. The mortality gap persists for at least two years following the initial hospital admission.
=530  \\$aAlso available in PDF from the NBER World Wide Web site (www.nber.org).
=540  \\$aBritish Library not licensed to copy$c0$5Uk
=650  \0$aMedicare$xHealth aspects.
=700  1\$aDobkin, Carlos.
=700  1\$aMaestas, Nicole.
=710  2\$aNational Bureau of Economic Research.
=830  \0$aWorking paper series (National Bureau of Economic Research) ;$vworking paper no. 13668.
=852  41$aBritish Library$bDSC$j6067.719500$ino. 13668
=856  41$uhttp://www.nber.org/papers/W13668
=ACF  \\$aBritish Library not licensed to copy$c0$e01-oct-2013$hC$iCFP Excluded$5Uk
=CAT  \\$a10775$b40$c20080128$lBLL01$h1433
=CAT  \\$aBATCH-CLA$b00$c20130527$lBLL01$h0130
=CAT  \\$aBATCH-CLA$b00$c20130630$lBLL01$h1630
=CAT  \\$aIPL-CLA$c20130701$lBLL01$h0118
=CAT  \\$aBATCH-CLA$b00$c20130702$lBLL01$h0202
=CAT  \\$aBATCH-CLA$b00$c20130929$lBLL01$h1619
=CAT  \\$aIPL-CLA$c20130930$lBLL01$h1758
=CAT  \\$aBATCH-CLA$b00$c20131202$lBLL01$h0331
=CAT  \\$aIPL-CLA$c20140101$lBLL01$h0048
=CAT  \\$aBATCH-CLA$b00$c20140327$lBLL01$h1829
=CAT  \\$aIPL-CLA$c20140331$lBLL01$h1633
=CAT  \\$aW2308-1659$c20230923$lBLL01$h1118
=CAT  \\$aBATCH-CLA$b00$c20230924$lBLL01$h0649
=CFI  0\$aBritish Library not licensed to copy$c0$e01-apr-2014$hC$iCFP Excluded$5Uk
=FIN  \\$aY$d20080128
=FMT  \\$a  BK
=LAS  \\$aBATCH-CLA$b00$c20230924$lBLL01$h0649
=SID  \\$aZ39$bOCLC
=TCO  \\$aTRS$bCCC$c008

