=LDR  02980cam a22005897a 4500
=001  014504137
=003  Uk
=005  20230924064931.0
=007  cr\mn|||||||||
=008  080111s2007\\\\maua\\\\\b\\\\000\0\eng\d
=035  \\$a(OCoLC)190773436
=040  \\$aIUL$cIUL$dGZM$dUk
=043  \\$anwpr---
=100  1\$aBorjas, George J.
=245  10$aLabor outflows and labor inflows in Puerto Rico /$cGeorge J. Borjas.
=260  \\$aCambridge, Mass. :$bNational Bureau of Economic Research,$cc2007.
=300  \\$a60 p. :$bill. ;$c22 cm.
=336  \\$atext$2rdacontent
=337  \\$acomputer$2rdamedia
=338  \\$aonline resource$2rdacarrier
=490  1\$aNBER working paper series ;$vno. 13669
=500  \\$a"December 2007."
=504  \\$aIncludes bibliographical references (p. 42-44).
=520  \\$aAlthough a sizable fraction of the Puerto Rican-born population moved to the United States, the island also received large inflows of persons born outside Puerto Rico. Hence Puerto Rico provides a unique setting for examining how labor inflows and outflows coexist, and measuring the mirror-image wage impact of these flows. The study yields two findings. First, the skills of the out-migrants differ from those of the in-migrants. Puerto Rico attracts high-skill in-migrants and exports low-skill workers. Second, the two flows have opposing effects on wages: in-migrants lower the wage of competing workers and out-migrants increase the wage.
=530  \\$aAlso available in PDF from the NBER world wide web site (www.nber.org).
=540  \\$aBritish Library not licensed to copy$c0$5Uk
=650  \0$aLabor market$zPuerto Rico$xEconometric models.
=651  \0$aPuerto Rico$xEmigration and immigration$xEconomic aspects.
=710  2\$aNational Bureau of Economic Research.
=830  \0$aWorking paper series (National Bureau of Economic Research) ;$vworking paper no. 13669.
=852  41$aBritish Library$bDSC$j6067.719500$ino. 13669
=856  41$uhttp://www.nber.org/papers/W13669
=ACF  \\$aBritish Library not licensed to copy$c0$e01-oct-2013$hC$iCFP Excluded$5Uk
=CAT  \\$a10775$b40$c20080128$lBLL01$h1436
=CAT  \\$aBATCH-CLA$b00$c20130527$lBLL01$h0130
=CAT  \\$aBATCH-CLA$b00$c20130630$lBLL01$h1630
=CAT  \\$aIPL-CLA$c20130701$lBLL01$h0118
=CAT  \\$aBATCH-CLA$b00$c20130702$lBLL01$h0202
=CAT  \\$aBATCH-CLA$b00$c20130929$lBLL01$h1619
=CAT  \\$aIPL-CLA$c20130930$lBLL01$h1758
=CAT  \\$aBATCH-CLA$b00$c20131202$lBLL01$h0331
=CAT  \\$aIPL-CLA$c20140101$lBLL01$h0048
=CAT  \\$aBATCH-CLA$b00$c20140327$lBLL01$h1829
=CAT  \\$aIPL-CLA$c20140331$lBLL01$h1633
=CAT  \\$aW2308-1659$c20230923$lBLL01$h1118
=CAT  \\$aBATCH-CLA$b00$c20230924$lBLL01$h0649
=CFI  0\$aBritish Library not licensed to copy$c0$e01-apr-2014$hC$iCFP Excluded$5Uk
=FIN  \\$aY$d20080128
=FMT  \\$a  BK
=LAS  \\$aBATCH-CLA$b00$c20230924$lBLL01$h0649
=SID  \\$aZ39$bOCLC
=TCO  \\$aTRS$bCCC$c008

