=LDR  03536cam a22006257a 4500
=001  014504140
=003  Uk
=005  20230924064931.0
=007  cr\mn|||||||||
=008  071228s2007\\\\maua\\\\\b\\\\000\0\eng\d
=035  \\$a(OCoLC)185060548
=040  \\$aIUL$cIUL$dGZM$dUk
=043  \\$an-us---
=100  1\$aKrueger, Dirk.
=245  10$aEvaluating asset pricing models with limited commitment using household consumption data /$cDirk Krueger, Hanno Lustig, Fabrizio Perri.
=260  \\$aCambridge, Mass. :$bNational Bureau of Economic Research,$cc2007.
=300  \\$a14 p. :$bill. ;$c22 cm.
=336  \\$atext$2rdacontent
=337  \\$acomputer$2rdamedia
=338  \\$aonline resource$2rdacarrier
=490  1\$aNBER working paper series ;$vno. 13650
=500  \\$a"November 2007."
=504  \\$aIncludes bibliographical references (p. 14).
=520  \\$aWe evaluate the asset pricing implications of a class of models in which risk sharing is imperfect because of limited enforcement of intertemporal contracts. Lustig (2004) has shown that in such a model the asset pricing kernel can be written as a simple function of the aggregate consumption growth rate and the growth rate of consumption of the set of households that do not face binding enforcement constraints. These unconstrained households have lower consumption growth rates than all other households in the economy. We use household data on consumption growth from the U.S. Consumer Expenditure Survey to identify unconstrained households, to estimate the pricing kernel implied by these models and evaluate their performance in pricing aggregate risk. We find that for high values of the relative risk aversion coefficient, the limited enforcement pricing kernel generates a market price of risk that is substantially closer to the data than the one obtained using the standard complete markets asset pricing kernel.
=530  \\$aAlso available in PDF from the NBER world wide web site (www.nber.org).
=540  \\$aBritish Library not licensed to copy$c0$5Uk
=650  \0$aAssets (Accounting)$xPrices$xEconometric models.
=650  \0$aConsumption (Economics)$zUnited States.
=700  1\$aLustig, Hanno.
=700  1\$aPerri, Fabrizio$c(Monetary advisor)
=710  2\$aNational Bureau of Economic Research.
=830  \0$aWorking paper series (National Bureau of Economic Research) ;$vworking paper no. 13650.
=852  41$aBritish Library$bDSC$j6067.719500$ino. 13650
=856  41$uhttp://www.nber.org/papers/W13650
=ACF  \\$aBritish Library not licensed to copy$c0$e01-oct-2013$hC$iCFP Excluded$5Uk
=CAT  \\$a10775$b40$c20080128$lBLL01$h1438
=CAT  \\$aBATCH-CLA$b00$c20130527$lBLL01$h0130
=CAT  \\$aBATCH-CLA$b00$c20130630$lBLL01$h1630
=CAT  \\$aIPL-CLA$c20130701$lBLL01$h0118
=CAT  \\$aBATCH-CLA$b00$c20130702$lBLL01$h0202
=CAT  \\$aBATCH-CLA$b00$c20130929$lBLL01$h1619
=CAT  \\$aIPL-CLA$c20130930$lBLL01$h1758
=CAT  \\$aBATCH-CLA$b00$c20131202$lBLL01$h0331
=CAT  \\$aIPL-CLA$c20140101$lBLL01$h0048
=CAT  \\$aBATCH-CLA$b00$c20140327$lBLL01$h1829
=CAT  \\$aIPL-CLA$c20140331$lBLL01$h1633
=CAT  \\$a9668$b40$c20141002$lBLL01$h1520
=CAT  \\$aW2308-1659$c20230923$lBLL01$h1118
=CAT  \\$aBATCH-CLA$b00$c20230924$lBLL01$h0649
=CFI  0\$aBritish Library not licensed to copy$c0$e01-apr-2014$hC$iCFP Excluded$5Uk
=FIN  \\$aY$d20080128
=FMT  \\$a  BK
=LAS  \\$aBATCH-CLA$b00$c20230924$lBLL01$h0649
=SID  \\$aZ39$bOCLC
=TCO  \\$aTRS$bCCC$c008

