=LDR  03495cam a22005897a 4500
=001  014504186
=003  Uk
=005  20230924064931.0
=007  cr\mn|||||||||
=008  080110s2007\\\\mau\\\\\\b\\\\000\0\eng\d
=035  \\$a(OCoLC)190713346
=040  \\$aGUL$cGUL$dGZM$dUk
=100  10$aBarro, Robert J.
=245  10$aReligious conversion in 40 countries /$cRobert J. Barro, Jason Hwang.
=260  \\$aCambridge, Mass. :$bNational Bureau of Economic Research,$cc2007.
=300  \\$a40 p. ;$c22 cm.
=336  \\$atext$2rdacontent
=337  \\$acomputer$2rdamedia
=338  \\$aonline resource$2rdacarrier
=490  1\$aNBER working paper series ;$vno. 13689
=500  \\$a"December 2007."
=504  \\$aIncludes bibliographical references (p. 29-31).
=520  \\$aQuestions about current and prior religion adherence from the International Social Survey Program and the World Values Survey allow us to calculate country-level religious-conversion rates for 40 countries. These conversion rates apply to religion adherence classified into eight major types. In a theoretical model based on rational individual choice, the frequency of religious conversion depends on factors that influence the cost of switching and the cost of having the "wrong" religion. Empirical findings for a panel of countries accord with several hypotheses: religious-conversion rates are positively related to religious pluralism, gauged by adherence shares; negatively related to government restrictions on religious conversion; positively related to levels of education; and negatively related to a history of Communism. Conversion rates are not much related to per capita GDP, the presence of state religion, and the extent of religiosity. Effects from the type of religion adherence are minor, except for a negative effect from Muslim adherence. The empirical results are robust to alternative specifications of the religion groupings used to construct the conversion rates.
=530  \\$aAlso available in PDF from the NBER World Wide Web site (www.nber.org).
=540  \\$aBritish Library not licensed to copy$c0$5Uk
=650  \0$aConversion$xEconometric models.
=700  1\$aHwang, Jason,$d1978-
=710  2\$aNational Bureau of Economic Research.
=830  \0$aWorking paper series (National Bureau of Economic Research) ;$vworking paper no. 13689.
=852  41$aBritish Library$bDSC$j6067.719500$ino. 13689
=856  41$uhttp://papers.nber.org/papers/13689
=ACF  \\$aBritish Library not licensed to copy$c0$e01-oct-2013$hC$iCFP Excluded$5Uk
=CAT  \\$a10775$b40$c20080128$lBLL01$h1518
=CAT  \\$aBATCH-CLA$b00$c20130527$lBLL01$h0130
=CAT  \\$aBATCH-CLA$b00$c20130630$lBLL01$h1630
=CAT  \\$aIPL-CLA$c20130701$lBLL01$h0118
=CAT  \\$aBATCH-CLA$b00$c20130702$lBLL01$h0202
=CAT  \\$aBATCH-CLA$b00$c20130929$lBLL01$h1619
=CAT  \\$aIPL-CLA$c20130930$lBLL01$h1758
=CAT  \\$aBATCH-CLA$b00$c20131202$lBLL01$h0331
=CAT  \\$aIPL-CLA$c20140101$lBLL01$h0048
=CAT  \\$aBATCH-CLA$b00$c20140327$lBLL01$h1829
=CAT  \\$aIPL-CLA$c20140331$lBLL01$h1633
=CAT  \\$aBATCH-UPD$b00$c20141222$lBLL01$h2045
=CAT  \\$aW2308-1659$c20230923$lBLL01$h1118
=CAT  \\$aBATCH-CLA$b00$c20230924$lBLL01$h0649
=CFI  0\$aBritish Library not licensed to copy$c0$e01-apr-2014$hC$iCFP Excluded$5Uk
=FIN  \\$aY$d20080128
=FMT  \\$a  BK
=LAS  \\$aBATCH-CLA$b00$c20230924$lBLL01$h0649
=SID  \\$aZ39$bOCLC
=TCO  \\$aTRS$bCCC$c008

