=LDR  03488cam a22006257a 4500
=001  014507310
=003  Uk
=005  20230924064931.0
=007  cr\mn|||||||||
=008  080111s2007\\\\maua\\\\\b\\\\000\0\eng\d
=035  \\$a(OCoLC)190773927
=040  \\$aIUL$cIUL$dGZM
=043  \\$an-us---
=100  1\$aNeumann, Todd.
=245  14$aThe dynamics of relief spending and the private urban labor market during the New Deal /$cTodd C. Neumann, Price V. Fishback, Shawn Kantor.
=260  \\$aCambridge, Mass. :$bNational Bureau of Economic Research,$cc2007.
=300  \\$a54 p. :$bill. ;$c22 cm.
=336  \\$atext$2rdacontent
=337  \\$acomputer$2rdamedia
=338  \\$aonline resource$2rdacarrier
=490  1\$aNBER working paper series ;$vno. 13692
=500  \\$a"December 2007."
=504  \\$aIncludes bibliographical references (p. 49-54).
=520  \\$aDuring the New Deal the Roosevelt Administration dramatically expanded relief spending to combat extraordinarily high rates of unemployment. We examine the dynamic relationships between relief spending and local private labor markets using a new panel data set of monthly relief, private employment and private earnings for major U.S. cities in the 1930s. Impulse response functions derived from a panel VAR model that controls for time and city fixed effects show that a work relief shock in period t-1 led to a decline in private employment and a rise in private monthly earnings. The finding offers evidence consistent with contemporary employers' complaints that work relief made it more difficult to hire, even though work relief officials followed their stated policies to avoid affecting private labor markets directly. Meanwhile, negative shocks to private employment led to increases in work relief, consistent with Roosevelt's stated goal of using relief to promote relief and recovery.
=530  \\$aAlso available in PDF from the NBER world wide web site (www.nber.org).
=540  \\$aBritish Library not licensed to copy$c0$5Uk
=650  \0$aNew Deal, 1933-1939.
=650  \0$aLabor market$zUnited States$xEconometric models.
=650  \0$aPublic welfare$zUnited States.
=700  1\$aFishback, Price Van Meter.
=700  1\$aKantor, Shawn Everett.
=710  2\$aNational Bureau of Economic Research.
=830  \0$aWorking paper series (National Bureau of Economic Research) ;$vworking paper no. 13692.
=852  41$aBritish Library$bDSC$j6067.719500$ino. 13692
=856  41$uhttp://www.nber.org/papers/W13692
=ACF  \\$aBritish Library not licensed to copy$c0$e01-oct-2013$hC$iCFP Excluded$5Uk
=CAT  \\$a7233$b40$c20080129$lBLL01$h1326
=CAT  \\$aBATCH-CLA$b00$c20130527$lBLL01$h0130
=CAT  \\$aBATCH-CLA$b00$c20130630$lBLL01$h1630
=CAT  \\$aIPL-CLA$c20130701$lBLL01$h0118
=CAT  \\$aBATCH-CLA$b00$c20130702$lBLL01$h0202
=CAT  \\$aBATCH-CLA$b00$c20130929$lBLL01$h1619
=CAT  \\$aIPL-CLA$c20130930$lBLL01$h1758
=CAT  \\$aBATCH-CLA$b00$c20131202$lBLL01$h0331
=CAT  \\$aIPL-CLA$c20140101$lBLL01$h0048
=CAT  \\$aBATCH-CLA$b00$c20140327$lBLL01$h1829
=CAT  \\$aIPL-CLA$c20140331$lBLL01$h1633
=CAT  \\$aW2308-1659$c20230923$lBLL01$h1118
=CAT  \\$aBATCH-CLA$b00$c20230924$lBLL01$h0649
=CFI  0\$aBritish Library not licensed to copy$c0$e01-apr-2014$hC$iCFP Excluded$5Uk
=FIN  \\$aY$d20080129
=FMT  \\$a  BK
=LAS  \\$aBATCH-CLA$b00$c20230924$lBLL01$h0649
=SID  \\$aZ39$bOCLC
=TCO  \\$aTRS$bCCC$c008

