=LDR  03294cam a22006137a 4500
=001  014507315
=003  Uk
=005  20230924064931.0
=007  cr\mn|||||||||
=008  080111s2007\\\\maua\\\\\b\\\\000\0\eng\d
=035  \\$a(OCoLC)190773887
=040  \\$aIUL$cIUL$dGZM
=043  \\$ad------
=100  1\$aEeckhout, Jan.
=245  10$aOccupational choice and development /$cJan Eeckhout, Boyan Jovanovic.
=260  \\$aCambridge, Mass. :$bNational Bureau of Economic Research,$cc2007.
=300  \\$a35 p. :$bill. ;$c22 cm.
=336  \\$atext$2rdacontent
=337  \\$acomputer$2rdamedia
=338  \\$aonline resource$2rdacarrier
=490  1\$aNBER working paper series ;$vno. 13686
=500  \\$a"December 2007."
=504  \\$aIncludes bibliographical references (p. 35).
=520  \\$aThe rise in world trade since 1970 has raised international mobility of labor services. We study the effect of such a globalization of the world's labor markets. We find that when people can choose between wage work and managerial work, the output gains are U-shaped: A worldwide labor market raises output by more in the rich and the poor countries, and by less in the middle-income countries. This is because the middle-income countries experience the smallest change in the factor-price ratio, and where the option to choose between wage work and managerial work has the least value in the integrated economy. Our theory also establishes that after economic integration, the high skill countries see a disproportionate increase in managerial occupations. Using aggregate data on GDP, openness and occupations from 115 countries, we find evidence for these patterns of occupational choice.
=530  \\$aAlso available in PDF from the NBER world wide web site (www.nber.org).
=540  \\$aBritish Library not licensed to copy$c0$5Uk
=650  \0$aLabor market$zDeveloping countries$xEconometric models.
=650  \0$aLabor market$zDeveloped countries$xEconometric models.
=650  \0$aGlobalization.
=700  1\$aJovanovic, Boyan,$d1951-
=710  2\$aNational Bureau of Economic Research.
=830  \0$aWorking paper series (National Bureau of Economic Research) ;$vworking paper no. 13686.
=852  41$aBritish Library$bDSC$j6067.719500$ino. 13686
=856  41$uhttp://www.nber.org/papers/W13686
=ACF  \\$aBritish Library not licensed to copy$c0$e01-oct-2013$hC$iCFP Excluded$5Uk
=CAT  \\$a7233$b40$c20080129$lBLL01$h1329
=CAT  \\$aBATCH-CLA$b00$c20130527$lBLL01$h0130
=CAT  \\$aBATCH-CLA$b00$c20130630$lBLL01$h1630
=CAT  \\$aIPL-CLA$c20130701$lBLL01$h0118
=CAT  \\$aBATCH-CLA$b00$c20130702$lBLL01$h0202
=CAT  \\$aBATCH-CLA$b00$c20130929$lBLL01$h1619
=CAT  \\$aIPL-CLA$c20130930$lBLL01$h1758
=CAT  \\$aBATCH-CLA$b00$c20131202$lBLL01$h0331
=CAT  \\$aIPL-CLA$c20140101$lBLL01$h0048
=CAT  \\$aBATCH-CLA$b00$c20140327$lBLL01$h1829
=CAT  \\$aIPL-CLA$c20140331$lBLL01$h1633
=CAT  \\$aW2308-1659$c20230923$lBLL01$h1118
=CAT  \\$aBATCH-CLA$b00$c20230924$lBLL01$h0649
=CFI  0\$aBritish Library not licensed to copy$c0$e01-apr-2014$hC$iCFP Excluded$5Uk
=FIN  \\$aY$d20080129
=FMT  \\$a  BK
=LAS  \\$aBATCH-CLA$b00$c20230924$lBLL01$h0649
=SID  \\$aZ39$bOCLC
=TCO  \\$aTRS$bCCC$c008

