=LDR  03038cam a22005897a 4500
=001  014507318
=003  Uk
=005  20230924064931.0
=007  cr\mn|||||||||
=008  080111s2007\\\\maua\\\\\b\\\\000\0\eng\d
=035  \\$a(OCoLC)190773852
=040  \\$aIUL$cIUL$dGZM
=043  \\$an-us---
=100  1\$aTaylor, John B.
=245  10$aHousing and monetary policy /$cJohn B. Taylor.
=260  \\$aCambridge, Mass. :$bNational Bureau of Economic Research,$cc2007.
=300  \\$a16 p. :$bill. ;$c22 cm.
=336  \\$atext$2rdacontent
=337  \\$acomputer$2rdamedia
=338  \\$aonline resource$2rdacarrier
=490  1\$aNBER working paper series ;$vno. 13682
=500  \\$a"December 2007."
=504  \\$aIncludes bibliographical references (p. 14).
=520  \\$aSince the mid-1980s, monetary policy has contributed to a great moderation of the housing cycle by responding more proactively to inflation and thereby reducing the boom bust cycle. However, during the period from 2002 to 2005, the short term interest rate path deviated significantly from what this two decade experience would suggest is appropriate. A counterfactual simulation with a simple model of the housing market shows that this deviation may have been a cause of the boom and bust in housing starts and inflation in the last two years. Moreover, a significant time series correlation between housing price inflation and delinquency rates suggests that the poor credit assessments on subprime mortgages may also have been caused by this deviation.
=530  \\$aAlso available in PDF from the NBER world wide web site (www.nber.org).
=540  \\$aBritish Library not licensed to copy$c0$5Uk
=650  \0$aHousing$xPrices$zUnited States$xEconometric models.
=650  \0$aMonetary policy$zUnited States.
=710  2\$aNational Bureau of Economic Research.
=830  \0$aWorking paper series (National Bureau of Economic Research) ;$vworking paper no. 13682.
=852  41$aBritish Library$bDSC$j6067.719500$ino. 13682
=856  41$uhttp://www.nber.org/papers/W13682
=ACF  \\$aBritish Library not licensed to copy$c0$e01-oct-2013$hC$iCFP Excluded$5Uk
=CAT  \\$a7233$b40$c20080129$lBLL01$h1332
=CAT  \\$aBATCH-CLA$b00$c20130527$lBLL01$h0130
=CAT  \\$aBATCH-CLA$b00$c20130630$lBLL01$h1630
=CAT  \\$aIPL-CLA$c20130701$lBLL01$h0118
=CAT  \\$aBATCH-CLA$b00$c20130702$lBLL01$h0202
=CAT  \\$aBATCH-CLA$b00$c20130929$lBLL01$h1619
=CAT  \\$aIPL-CLA$c20130930$lBLL01$h1758
=CAT  \\$aBATCH-CLA$b00$c20131202$lBLL01$h0331
=CAT  \\$aIPL-CLA$c20140101$lBLL01$h0048
=CAT  \\$aBATCH-CLA$b00$c20140327$lBLL01$h1829
=CAT  \\$aIPL-CLA$c20140331$lBLL01$h1633
=CAT  \\$aW2308-1659$c20230923$lBLL01$h1118
=CAT  \\$aBATCH-CLA$b00$c20230924$lBLL01$h0649
=CFI  0\$aBritish Library not licensed to copy$c0$e01-apr-2014$hC$iCFP Excluded$5Uk
=FIN  \\$aY$d20080129
=FMT  \\$a  BK
=LAS  \\$aBATCH-CLA$b00$c20230924$lBLL01$h0649
=SID  \\$aZ39$bOCLC
=TCO  \\$aTRS$bCCC$c008

