=LDR  03537cam a22006257a 4500
=001  014507322
=003  Uk
=005  20230924064931.0
=007  cr\mn|||||||||
=008  080111s2007\\\\maua\\\\\b\\\\000\0\eng\d
=035  \\$a(OCoLC)190773836
=040  \\$aIUL$cIUL$dGZM
=043  \\$an-us-fl
=245  00$aFeeling the Florida heat? :$bhow low-performing schools respond to voucher and accountability pressure /$cCecilia Elena Rouse ... [et al.].
=260  \\$aCambridge, Mass. :$bNational Bureau of Economic Research,$cc2007.
=300  \\$a53 p. :$bill. ;$c22 cm.
=336  \\$atext$2rdacontent
=337  \\$acomputer$2rdamedia
=338  \\$aonline resource$2rdacarrier
=490  1\$aNBER working paper series ;$vno. 13681
=500  \\$a"December 2007."
=504  \\$aIncludes bibliographical references (p. 38-40).
=520  \\$aWhile numerous recent authors have studied the effects of school accountability systems on student test performance and school "gaming" of accountability incentives, there has been little attention paid to substantive changes in instructional policies and practices resulting from school accountability. The lack of research is primarily due to the unavailability of appropriate data to carry out such an analysis. This paper brings to bear new evidence from a remarkable five-year survey conducted of a census of public schools in Florida, coupled with detailed administrative data on student performance. We show that schools facing accountability pressure changed their instructional practices in meaningful ways. In addition, we present medium-run evidence of the effects of school accountability on student test scores, and find that a significant portion of these test score gains can likely be attributed to the changes in school policies and practices that we uncover in our surveys.
=530  \\$aAlso available in PDF from the NBER world wide web site (www.nber.org).
=540  \\$aBritish Library not licensed to copy$c0$5Uk
=650  \0$aEducational accountability$zFlorida.
=650  \0$aSchool management and organization$zFlorida$xEconometric models.
=700  1\$aRouse, Cecilia Elena.
=710  2\$aNational Bureau of Economic Research.
=830  \0$aWorking paper series (National Bureau of Economic Research) ;$vworking paper no. 13681.
=852  41$aBritish Library$bDSC$j6067.719500$ino. 13681
=856  41$uhttp://www.nber.org/papers/W13681
=ACF  \\$aBritish Library not licensed to copy$c0$e01-oct-2013$hC$iCFP Excluded$5Uk
=CAT  \\$a7233$b40$c20080129$lBLL01$h1337
=CAT  \\$a7233$b40$c20080129$lBLL01$h1338
=CAT  \\$a7233$b40$c20080129$lBLL01$h1339
=CAT  \\$a7233$b40$c20080229$lBLL01$h1159
=CAT  \\$aBATCH-CLA$b00$c20130527$lBLL01$h0130
=CAT  \\$aBATCH-CLA$b00$c20130630$lBLL01$h1630
=CAT  \\$aIPL-CLA$c20130701$lBLL01$h0118
=CAT  \\$aBATCH-CLA$b00$c20130702$lBLL01$h0202
=CAT  \\$aBATCH-CLA$b00$c20130929$lBLL01$h1619
=CAT  \\$aIPL-CLA$c20130930$lBLL01$h1758
=CAT  \\$aBATCH-CLA$b00$c20131202$lBLL01$h0331
=CAT  \\$aIPL-CLA$c20140101$lBLL01$h0048
=CAT  \\$aBATCH-CLA$b00$c20140327$lBLL01$h1829
=CAT  \\$aIPL-CLA$c20140331$lBLL01$h1633
=CAT  \\$aW2308-1659$c20230923$lBLL01$h1118
=CAT  \\$aBATCH-CLA$b00$c20230924$lBLL01$h0649
=CFI  0\$aBritish Library not licensed to copy$c0$e01-apr-2014$hC$iCFP Excluded$5Uk
=FIN  \\$aY$d20080129
=FMT  \\$a  BK
=LAS  \\$aBATCH-CLA$b00$c20230924$lBLL01$h0649
=SID  \\$aZ39$bOCLC
=TCO  \\$aTRS$bCCC$c008

