=LDR  04078cam a22006617a 4500
=001  014507323
=003  Uk
=005  20230924064931.0
=007  cr\mn|||||||||
=008  080109s2007\\\\mauab\\\\b\\\\000\0\eng\d
=035  \\$a(OCoLC)189804965
=040  \\$aUPM$cUPM$dGZM
=050  14$aHB1$b.W654 no. 13679
=100  1\$aBorenstein, Severin.
=245  10$aPrincipal-agent incentives, excess caution, and market inefficiency :$bevidence from utility regulation /$cSeverin Borenstein, Meghan Busse, Ryan Kellogg.
=260  \\$aCambridge, Mass. :$bNational Bureau of Economic Research,$cc2007.
=300  \\$a61 p. :$bill., map ;$c22 cm.
=336  \\$atext$2rdacontent
=337  \\$acomputer$2rdamedia
=338  \\$aonline resource$2rdacarrier
=490  1\$aNBER working paper series ;$vworking paper 13679
=500  \\$a"December 2007."
=504  \\$aIncludes bibliographical references (p. 34-35).
=520  \\$aRegulators and firms often use incentive schemes to attract skillful agents and to induce them to put forth effort in pursuit of the principals' goals. Incentive schemes that reward skill and effort, however, may also punish agents for adverse outcomes beyond their control. As a result, such schemes may induce inefficient behavior, as agents try to avoid actions that might make it easier to directly associate a bad outcome with their decisions. In this paper, we study how such caution on the part of individual agents may lead to inefficient market outcomes, focusing on the context of natural gas procurement by regulated public utilities. We posit that a regulated natural gas distribution company may, due to regulatory incentives, engage in excessively cautious behavior by foregoing surplus-increasing gas trades that could be seen ex post as having caused supply curtailments to its customers. We derive testable implications of such behavior and show that the theory is supported empirically in ways that cannot be explained by conventional price risk aversion or other explanations. Furthermore, we demonstrate that the reduction in efficient trade caused by the regulatory mechanism is most severe during periods of relatively high demand and low supply, when the benefits of trade would be greatest.
=530  \\$aAlso available in PDF from the NBER World Wide Web site (www.nber.org).
=540  \\$aBritish Library not licensed to copy$c0$5Uk
=650  \0$aGas companies$xLaw and legislation$xEconomic aspects.
=650  \0$aGas companies$xManagement$xEconomic aspects.
=650  \0$aPublic utilities$xLaw and legislation$xEconomic aspects.
=650  \0$aPublic utilities$xManagement$xEconomic aspects.
=700  1\$aBusse, Meghan R.$q(Meghan Ruth).
=700  1\$aKellogg, Ryan.
=710  2\$aNational Bureau of Economic Research.
=830  \0$aWorking paper series (National Bureau of Economic Research) ;$vworking paper no. 13679.
=852  41$aBritish Library$bDSC$j6067.719500$ino. 13679
=856  41$uhttp://www.nber.org/papers/W13679
=ACF  \\$aBritish Library not licensed to copy$c0$e01-oct-2013$hC$iCFP Excluded$5Uk
=CAT  \\$a7233$b40$c20080129$lBLL01$h1342
=CAT  \\$aBATCH-CLA$b00$c20130527$lBLL01$h0130
=CAT  \\$aBATCH-CLA$b00$c20130630$lBLL01$h1630
=CAT  \\$aIPL-CLA$c20130701$lBLL01$h0118
=CAT  \\$aBATCH-CLA$b00$c20130702$lBLL01$h0202
=CAT  \\$aBATCH-CLA$b00$c20130929$lBLL01$h1619
=CAT  \\$aIPL-CLA$c20130930$lBLL01$h1758
=CAT  \\$aBATCH-CLA$b00$c20131202$lBLL01$h0331
=CAT  \\$aIPL-CLA$c20140101$lBLL01$h0048
=CAT  \\$aBATCH-CLA$b00$c20140327$lBLL01$h1829
=CAT  \\$aIPL-CLA$c20140331$lBLL01$h1633
=CAT  \\$aBATCH-UPD$b00$c20211217$lBLL01$h2059
=CAT  \\$aBATCH-CLA$b00$c20211218$lBLL01$h0138
=CAT  \\$aW2308-1659$c20230923$lBLL01$h1118
=CAT  \\$aBATCH-CLA$b00$c20230924$lBLL01$h0649
=CFI  0\$aBritish Library not licensed to copy$c0$e01-apr-2014$hC$iCFP Excluded$5Uk
=FIN  \\$aY$d20080129
=FMT  \\$a  BK
=LAS  \\$aBATCH-CLA$b00$c20230924$lBLL01$h0649
=SID  \\$aZ39$bOCLC
=TCO  \\$aTRS$bCCC$c008

