=LDR  03162cam a22006017a 4500
=001  014507331
=003  Uk
=005  20230924064931.0
=007  cr\mn|||||||||
=008  080111s2007\\\\mau\\\\\\b\\\\000\0\eng\d
=035  \\$a(OCoLC)190773816
=040  \\$aIUL$cIUL$dGZM
=245  00$aNominal debt as a burden on monetary policy /$cRamon Marimon ... [et al.].
=260  \\$aCambridge, Mass. :$bNational Bureau of Economic Research,$cc2007.
=300  \\$a28 p. ;$c22 cm.
=336  \\$atext$2rdacontent
=337  \\$acomputer$2rdamedia
=338  \\$aonline resource$2rdacarrier
=490  1\$aNBER working paper series ;$vno. 13677
=500  \\$a"December 2007."
=504  \\$aIncludes bibliographical references (p. 24-25).
=520  \\$aWe characterize the optimal sequential choice of monetary policy in economies with either nominal or indexed debt. In a model where nominal debt is the only source of time inconsistency, the Markov-perfect equilibrium policy implies the progressive depletion of the outstanding stock of debt, until the time inconsistency disappears. There is a resulting welfare loss if debt is nominal rather than indexed. We also analyze the case where monetary policy is time inconsistent even when debt is indexed. In this case, with nominal debt, the sequential optimal policy converges to a time-consistent steady state with positive -- or negative -- debt, depending on the value of the intertemporal elasticity of substitution. Welfare can be higher if debt is nominal rather than indexed and the level of debt is not too high.
=530  \\$aAlso available in PDF from the NBER world wide web site (www.nber.org).
=540  \\$aBritish Library not licensed to copy$c0$5Uk
=650  \0$aMonetary policy$xEconometric models.
=650  \0$aDebt.
=700  1\$aMarimon, Ramon,$d1953-
=710  2\$aNational Bureau of Economic Research.
=830  \0$aWorking paper series (National Bureau of Economic Research) ;$vworking paper no. 13677.
=852  41$aBritish Library$bDSC$j6067.719500$ino. 13677
=856  41$uhttp://www.nber.org/papers/W13677
=ACF  \\$aBritish Library not licensed to copy$c0$e01-oct-2013$hC$iCFP Excluded$5Uk
=CAT  \\$a7233$b40$c20080129$lBLL01$h1347
=CAT  \\$a7233$b40$c20080129$lBLL01$h1348
=CAT  \\$a7233$b40$c20080129$lBLL01$h1350
=CAT  \\$aBATCH-CLA$b00$c20130527$lBLL01$h0130
=CAT  \\$aBATCH-CLA$b00$c20130630$lBLL01$h1630
=CAT  \\$aIPL-CLA$c20130701$lBLL01$h0118
=CAT  \\$aBATCH-CLA$b00$c20130702$lBLL01$h0202
=CAT  \\$aBATCH-CLA$b00$c20130929$lBLL01$h1619
=CAT  \\$aIPL-CLA$c20130930$lBLL01$h1758
=CAT  \\$aBATCH-CLA$b00$c20131202$lBLL01$h0331
=CAT  \\$aIPL-CLA$c20140101$lBLL01$h0048
=CAT  \\$aBATCH-CLA$b00$c20140327$lBLL01$h1829
=CAT  \\$aIPL-CLA$c20140331$lBLL01$h1633
=CAT  \\$aW2308-1659$c20230923$lBLL01$h1118
=CAT  \\$aBATCH-CLA$b00$c20230924$lBLL01$h0649
=CFI  0\$aBritish Library not licensed to copy$c0$e01-apr-2014$hC$iCFP Excluded$5Uk
=FIN  \\$aY$d20080129
=FMT  \\$a  BK
=LAS  \\$aBATCH-CLA$b00$c20230924$lBLL01$h0649
=SID  \\$aZ39$bOCLC
=TCO  \\$aTRS$bCCC$c008

