=LDR  03201cam a2200589 a 4500
=001  014507337
=003  Uk
=005  20230924064931.0
=007  cr\mn|||||||||
=008  080104s2007\\\\maua\\\\\b\\\\000\0\eng\d
=035  \\$a(OCoLC)187316989
=040  \\$aUPM$cUPM$dGZM
=050  14$aHB1$b.W654 no. 13665
=245  00$aStrike three :$bumpires' demand for discrimination /$cChristopher A. Parsons ... [et al.].
=260  \\$aCambridge, Mass. :$bNational Bureau of Economic Research,$cc2007.
=300  \\$a38 p. :$bill. ;$c22 cm.
=336  \\$atext$2rdacontent
=337  \\$acomputer$2rdamedia
=338  \\$aonline resource$2rdacarrier
=490  1\$aNBER working paper series ;$vworking paper 13665
=500  \\$a"December 2007."
=504  \\$aIncludes bibliographical references (p. 26-27).
=520  \\$aWe explore umpires' racial/ethnic preferences in the evaluation of Major League Baseball pitchers. Controlling for umpire, pitcher, batter and catcher fixed effects and many other factors, strikes are more likely to be called if the umpire and pitcher match race/ethnicity. This effect only exists where there is little scrutiny of umpires' behavior -- in ballparks without computerized systems monitoring umpires' calls, at poorly attended games, and when the called pitch cannot determine the outcome of the at-bat. If a pitcher shares the home-plate umpire's race/ethnicity, he gives up fewer runs per game and improves his team's chance of winning. The results suggest that standard measures of salary discrimination that adjust for measured productivity may generally be flawed. We derive the magnitude of the bias generally and apply it to several examples.
=530  \\$aAlso available in PDF from the NBER World Wide Web site (www.nber.org).
=540  \\$aBritish Library not licensed to copy$c0$5Uk
=650  \0$aBaseball$xUmpiring$xSocial aspects.
=650  \0$aDiscrimination in sports.
=700  1\$aParsons, Christopher A.
=710  2\$aNational Bureau of Economic Research.
=830  \0$aWorking paper series (National Bureau of Economic Research) ;$vworking paper no. 13665.
=852  41$aBritish Library$bDSC$j6067.719500$ino. 13665
=856  41$uhttp://www.nber.org/papers/W13665
=ACF  \\$aBritish Library not licensed to copy$c0$e01-oct-2013$hC$iCFP Excluded$5Uk
=CAT  \\$a7233$b40$c20080129$lBLL01$h1353
=CAT  \\$aBATCH-CLA$b00$c20130527$lBLL01$h0130
=CAT  \\$aBATCH-CLA$b00$c20130630$lBLL01$h1630
=CAT  \\$aIPL-CLA$c20130701$lBLL01$h0118
=CAT  \\$aBATCH-CLA$b00$c20130702$lBLL01$h0202
=CAT  \\$aBATCH-CLA$b00$c20130929$lBLL01$h1619
=CAT  \\$aIPL-CLA$c20130930$lBLL01$h1758
=CAT  \\$aBATCH-CLA$b00$c20131202$lBLL01$h0331
=CAT  \\$aIPL-CLA$c20140101$lBLL01$h0048
=CAT  \\$aBATCH-CLA$b00$c20140327$lBLL01$h1829
=CAT  \\$aIPL-CLA$c20140331$lBLL01$h1633
=CAT  \\$aW2308-1659$c20230923$lBLL01$h1118
=CAT  \\$aBATCH-CLA$b00$c20230924$lBLL01$h0649
=CFI  0\$aBritish Library not licensed to copy$c0$e01-apr-2014$hC$iCFP Excluded$5Uk
=FIN  \\$aY$d20080129
=FMT  \\$a  BK
=LAS  \\$aBATCH-CLA$b00$c20230924$lBLL01$h0649
=SID  \\$aZ39$bOCLC
=TCO  \\$aTRS$bCCC$c008

