=LDR  03307cam a22006377a 4500
=001  014509652
=003  Uk
=005  20230924064931.0
=007  cr\mn|||||||||
=008  080129s2008\\\\maua\\\\\b\\\\000\0\eng\d
=035  \\$a(OCoLC)191685003
=040  \\$aGZM$cGZM$dUk
=100  1\$aBenmelech, Efraim.
=245  10$aStock-based compensation and CEO (dis)incentives /$cEfraim Benmelech, Eugene Kandel, Pietro Veronesi.
=260  \\$aCambridge, Mass. :$bNational Bureau of Economic Research,$cc2008.
=300  \\$a53 p. :$bill. ;$c22 cm.
=336  \\$atext$2rdacontent
=337  \\$acomputer$2rdamedia
=338  \\$aonline resource$2rdacarrier
=490  1\$aNBER working paper series ;$vno. 13732
=500  \\$a"January 2008."
=504  \\$aIncludes bibliographical references (p. 41-42).
=520  \\$aStock-based compensation is the standard solution to agency problems between shareholders and managers. In a dynamic rational expectations equilibrium model with asymmetric information we show that although stock-based compensation causes managers to work harder, it also induces them to hide any worsening of the firm's investment opportunities by following largely sub-optimal investment policies. This problem is especially severe for growth firms, whose stock prices then become over-valued while managers hide the bad news to shareholders. We find that a firm-specific compensation package based on both stock and earnings performance instead induces a combination of high effort, truth revelation and optimal investments. The model produces numerous predictions that are consistent with the empirical evidence.
=530  \\$aAlso available in PDF from the NBER World Wide Web site (www.nber.org).
=540  \\$aBritish Library not licensed to copy$c0$5Uk
=650  \0$aEmployee stock options.
=650  \0$aChief executive officers$xSalaries, etc.
=650  \0$aCorporations$xFinance.
=650  \0$aStocks$xPrices.
=700  1\$aKandel, Eugene,$d1959-
=700  1\$aVeronesi, Pietro.
=710  2\$aNational Bureau of Economic Research.
=830  \0$aWorking paper series (National Bureau of Economic Research) ;$vworking paper no. 13732.
=852  41$aBritish Library$bDSC$j6067.719500$ino. 13732
=856  41$uhttp://www.nber.org/papers/W13732
=ACF  \\$aBritish Library not licensed to copy$c0$e01-oct-2013$hC$iCFP Excluded$5Uk
=CAT  \\$a7164$b40$c20080130$lBLL01$h1640
=CAT  \\$a10775$b40$c20080204$lBLL01$h0920
=CAT  \\$aBATCH-CLA$b00$c20130527$lBLL01$h0130
=CAT  \\$aBATCH-CLA$b00$c20130630$lBLL01$h1630
=CAT  \\$aIPL-CLA$c20130701$lBLL01$h0118
=CAT  \\$aBATCH-CLA$b00$c20130702$lBLL01$h0202
=CAT  \\$aBATCH-CLA$b00$c20130929$lBLL01$h1619
=CAT  \\$aIPL-CLA$c20130930$lBLL01$h1758
=CAT  \\$aBATCH-CLA$b00$c20131202$lBLL01$h0331
=CAT  \\$aIPL-CLA$c20140101$lBLL01$h0049
=CAT  \\$aBATCH-CLA$b00$c20140327$lBLL01$h1829
=CAT  \\$aIPL-CLA$c20140331$lBLL01$h1633
=CAT  \\$aW2308-1659$c20230923$lBLL01$h1118
=CAT  \\$aBATCH-CLA$b00$c20230924$lBLL01$h0649
=CFI  0\$aBritish Library not licensed to copy$c0$e01-apr-2014$hC$iCFP Excluded$5Uk
=FIN  \\$aY$d20080204
=FMT  \\$a  BK
=LAS  \\$aBATCH-CLA$b00$c20230924$lBLL01$h0649
=SID  \\$aZ39$bOCLC
=TCO  \\$aTRS$bCCC$c008

