=LDR  03581cam a22005897a 4500
=001  014509686
=003  Uk
=005  20230924064931.0
=007  cr\mn|||||||||
=008  080129s2008\\\\maua\\\\\b\\\\000\0\eng\d
=035  \\$a(OCoLC)191684495
=040  \\$aGZM$cGZM$dUk
=245  00$aFootnotes aren't enough :$bthe impact of pension accounting on stock values /$cJulia Coronado ... [et al.].
=260  \\$aCambridge, Mass. :$bNational Bureau of Economic Research,$cc2008.
=300  \\$a25 p. :$bill. ;$c22 cm.
=336  \\$atext$2rdacontent
=337  \\$acomputer$2rdamedia
=338  \\$aonline resource$2rdacarrier
=490  1\$aNBER working paper series ;$vno. 13726
=500  \\$a"January 2008."
=504  \\$aIncludes bibliographical references (p. 19-20).
=520  \\$aSome research has suggested that companies with defined benefit (DB) pensions are sometimes significantly misvalued by the market. This is because the measures of pension cost and pension net liabilities embedded in financial statements, taken at face value, can provide very misleading picture of pension finances. The more pertinent information on pension finances is relegated to footnotes, but might not receive much attention from portfolio managers. But dramatic swings in the financial conditions of large DB plans around the turn of the decade focused widespread attention on pension accounting practices, and dissatisfaction with current accounting standards has recently prompted the Financial Accounting Standards Board (FASB) to take up a project revamp DB pension accounting. Arguably, the increased attention should have made investors wise to the informational problems, thereby eliminating systematic mispricing in recent years. We test this proposition and conclude that investors continued to misvalue DB pensions, inducing sizable valuation errors in the stock of many companies. Our findings suggest that FASB's current reform efforts could substantially aid the market's ability to value firms with DB pensions.
=530  \\$aAlso available in PDF from the NBER World Wide Web site (www.nber.org).
=540  \\$aBritish Library not licensed to copy$c0$5Uk
=650  \0$aPensions$xAccounting.
=650  \0$aStocks$xPrices$xEconometric models.
=700  1\$aCoronado, Julia Lynn.
=710  2\$aNational Bureau of Economic Research.
=830  \0$aWorking paper series (National Bureau of Economic Research) ;$vworking paper no. 13726.
=852  41$aBritish Library$bDSC$j6067.719500$ino. 13726
=856  41$uhttp://www.nber.org/papers/W13726
=ACF  \\$aBritish Library not licensed to copy$c0$e01-oct-2013$hC$iCFP Excluded$5Uk
=CAT  \\$a7164$b40$c20080131$lBLL01$h0732
=CAT  \\$a10775$b40$c20080204$lBLL01$h0936
=CAT  \\$aBATCH-CLA$b00$c20130527$lBLL01$h0130
=CAT  \\$aBATCH-CLA$b00$c20130630$lBLL01$h1630
=CAT  \\$aIPL-CLA$c20130701$lBLL01$h0118
=CAT  \\$aBATCH-CLA$b00$c20130702$lBLL01$h0202
=CAT  \\$aBATCH-CLA$b00$c20130929$lBLL01$h1619
=CAT  \\$aIPL-CLA$c20130930$lBLL01$h1758
=CAT  \\$aBATCH-CLA$b00$c20131202$lBLL01$h0331
=CAT  \\$aIPL-CLA$c20140101$lBLL01$h0049
=CAT  \\$aBATCH-CLA$b00$c20140327$lBLL01$h1829
=CAT  \\$aIPL-CLA$c20140331$lBLL01$h1633
=CAT  \\$aW2308-1659$c20230923$lBLL01$h1118
=CAT  \\$aBATCH-CLA$b00$c20230924$lBLL01$h0649
=CFI  0\$aBritish Library not licensed to copy$c0$e01-apr-2014$hC$iCFP Excluded$5Uk
=FIN  \\$aY$d20080204
=FMT  \\$a  BK
=LAS  \\$aBATCH-CLA$b00$c20230924$lBLL01$h0649
=SID  \\$aZ39$bOCLC
=TCO  \\$aTRS$bCCC$c008

