=LDR  03461cam a22006017a 4500
=001  014509699
=003  Uk
=005  20230924064931.0
=007  cr\mn|||||||||
=008  080116s2007\\\\maua\\\\\b\\\\000\0\eng\d
=035  \\$a(OCoLC)190846172
=040  \\$aIUL$cIUL$dGZM$dUk
=100  1\$aPojarliev, Momtchil.
=245  10$aDo professional currency managers beat the benchmark? /$cMomtchil Pojarliev, Richard M. Levich.
=260  \\$aCambridge, Mass. :$bNational Bureau of Economic Research,$c2007.
=300  \\$a36 p. :$bill. ;$c22 cm.
=336  \\$atext$2rdacontent
=337  \\$acomputer$2rdamedia
=338  \\$aonline resource$2rdacarrier
=490  1\$aNBER working paper series ;$vno. 13714
=500  \\$a"December 2007."
=504  \\$aIncludes bibliographical references (p. 24-25).
=520  \\$aWe investigate an index of returns on professionally managed currency funds and a subset of returns from 34 individual currency fund managers. Over the period 1990-2006, excess returns earned by currency fund managers have averaged 25 basis points per month. We examine the relationship of these returns to four factors representing returns based on carry trading, trend-following, value trading and currency volatility. These four factors explain a substantial portion of the variability in index returns in the entire period and in sub-periods. We perform similar regressions for the 34 individual funds, and find many funds where returns are significantly related to these four factors. Our approach impacts the definition of alpha returns from currency speculation, modifying it from the excess return earned by the fund, to only that portion of the excess returns not explained by the four factors. While the impact on measured alpha is substantial, we find that some currency fund managers continued to generate alpha returns in the most recent sample period.
=530  \\$aAlso available in PDF from the NBER world wide web site (www.nber.org).
=540  \\$aBritish Library not licensed to copy$c0$5Uk
=650  \0$aForeign exchange market$xEconometric models.
=650  \0$aInvestment advisors$xEvaluation.
=700  1\$aLevich, Richard M.
=710  2\$aNational Bureau of Economic Research.
=830  \0$aWorking paper series (National Bureau of Economic Research) ;$vworking paper no. 13714.
=852  41$aBritish Library$bDSC$j6067.719500$ino. 13714
=856  41$uhttp://www.nber.org/papers/W13714
=ACF  \\$aBritish Library not licensed to copy$c0$e01-oct-2013$hC$iCFP Excluded$5Uk
=CAT  \\$a7164$b40$c20080131$lBLL01$h0803
=CAT  \\$a11317$b40$c20080317$lBLL01$h0832
=CAT  \\$aBATCH-CLA$b00$c20130527$lBLL01$h0130
=CAT  \\$aBATCH-CLA$b00$c20130630$lBLL01$h1630
=CAT  \\$aIPL-CLA$c20130701$lBLL01$h0118
=CAT  \\$aBATCH-CLA$b00$c20130702$lBLL01$h0202
=CAT  \\$aBATCH-CLA$b00$c20130929$lBLL01$h1619
=CAT  \\$aIPL-CLA$c20130930$lBLL01$h1758
=CAT  \\$aBATCH-CLA$b00$c20131202$lBLL01$h0331
=CAT  \\$aIPL-CLA$c20140101$lBLL01$h0049
=CAT  \\$aBATCH-CLA$b00$c20140327$lBLL01$h1829
=CAT  \\$aIPL-CLA$c20140331$lBLL01$h1633
=CAT  \\$aW2308-1659$c20230923$lBLL01$h1118
=CAT  \\$aBATCH-CLA$b00$c20230924$lBLL01$h0649
=CFI  0\$aBritish Library not licensed to copy$c0$e01-apr-2014$hC$iCFP Excluded$5Uk
=FIN  \\$aY$d20080131
=FMT  \\$a  BK
=LAS  \\$aBATCH-CLA$b00$c20230924$lBLL01$h0649
=SID  \\$aZ39$bOCLC
=TCO  \\$aTRS$bCCC$c008

