=LDR  03732cam a22006017a 4500
=001  014509717
=003  Uk
=005  20230924064932.0
=007  cr\mn|||||||||
=008  080129s2008\\\\mau\\\\\\b\\\\000\0\eng\d
=035  \\$a(OCoLC)191680369
=040  \\$aGZM$cGZM$dGZM$dUk
=100  1\$aGabaix, Xavier.
=245  10$aVariable rare disasters :$ban exactly solved framework for ten puzzles in macro-finance /$cXavier Gabaix.
=260  \\$aCambridge, Mass. :$bNational Bureau of Economic Research,$cc2008.
=300  \\$a44 p. ;$c22 cm.
=336  \\$atext$2rdacontent
=337  \\$acomputer$2rdamedia
=338  \\$aonline resource$2rdacarrier
=490  1\$aNBER working paper series ;$vno. 13724
=500  \\$a"January 2008."
=504  \\$aIncludes bibliographical references (p. 40-44).
=520  \\$aThis paper incorporates a time-varying intensity of disasters in the Rietz-Barro hypothesis that risk premia result from the possibility of rare, large disasters. During a disaster, an asset's fundamental value falls by a time-varying amount. This in turn generates time-varying risk premia and thus volatile asset prices and return predictability. Using the recent technique of linearity-generating processes (Gabaix 2007), the model is tractable, and all prices are exactly solved in closed form. In the "variable rare disasters" framework, the following empirical regularities can be understood qualitatively: (i) equity premium puzzle (ii) risk-free rate-puzzle (iii) excess volatility puzzle (iv) predictability of aggregate stock market returns with price-dividend ratios (v) value premium (vi) often greater explanatory power of characteristics than covariances for asset returns (vii) upward sloping nominal yield curve (viiii) a steep yield curve predicts high bond excess returns and a fall in long term rates (ix) corporate bond spread puzzle (x) high price of deep out-of-the-money puts. I also provide a calibration in which those puzzles can be understood quantitatively as well. The fear of disaster can be interpreted literally, or can be viewed as a tractable way to model time-varying risk-aversion or investor sentiment.
=530  \\$aAlso available in PDF from the NBER World Wide Web site (www.nber.org).
=540  \\$aBritish Library not licensed to copy$c0$5Uk
=650  \0$aDisasters.
=650  \0$aRisk assessment$xEconometric models.
=650  \0$aAssets (Accounting)$xPrices$xEconometric models.
=710  2\$aNational Bureau of Economic Research.
=830  \0$aWorking paper series (National Bureau of Economic Research) ;$vworking paper no. 13724.
=852  41$aBritish Library$bDSC$j6067.719500$ino. 13724
=856  41$uhttp://www.nber.org/papers/W13724
=ACF  \\$aBritish Library not licensed to copy$c0$e01-oct-2013$hC$iCFP Excluded$5Uk
=CAT  \\$a7164$b40$c20080131$lBLL01$h0825
=CAT  \\$a10775$b40$c20080204$lBLL01$h0939
=CAT  \\$aBATCH-CLA$b00$c20130527$lBLL01$h0130
=CAT  \\$aBATCH-CLA$b00$c20130630$lBLL01$h1630
=CAT  \\$aIPL-CLA$c20130701$lBLL01$h0118
=CAT  \\$aBATCH-CLA$b00$c20130702$lBLL01$h0202
=CAT  \\$aBATCH-CLA$b00$c20130929$lBLL01$h1619
=CAT  \\$aIPL-CLA$c20130930$lBLL01$h1758
=CAT  \\$aBATCH-CLA$b00$c20131202$lBLL01$h0331
=CAT  \\$aIPL-CLA$c20140101$lBLL01$h0049
=CAT  \\$aBATCH-CLA$b00$c20140327$lBLL01$h1829
=CAT  \\$aIPL-CLA$c20140331$lBLL01$h1633
=CAT  \\$aW2308-1659$c20230923$lBLL01$h1118
=CAT  \\$aBATCH-CLA$b00$c20230924$lBLL01$h0649
=CFI  0\$aBritish Library not licensed to copy$c0$e01-apr-2014$hC$iCFP Excluded$5Uk
=FIN  \\$aY$d20080204
=FMT  \\$a  BK
=LAS  \\$aBATCH-CLA$b00$c20230924$lBLL01$h0649
=SID  \\$aZ39$bOCLC
=TCO  \\$aTRS$bCCC$c008

