=LDR  03709cam a22006737a 4500
=001  014509815
=003  Uk
=005  20230924064932.0
=007  cr\mn|||||||||
=008  080129s2008\\\\maua\\\\\b\\\\000\0\eng\d
=035  \\$a(OCoLC)191680306
=040  \\$aGZM$cGZM$dGZM$dUk
=043  \\$aa-kr---
=100  1\$aKim, U-ch'an.
=245  10$aHow does corporate governance risk at home affect investment choices abroad? /$cWoochan Kim, Taeyoon Sung, Shang-Jin Wei.
=260  \\$aCambridge, Mass. :$bNational Bureau of Economic Research,$cc2008.
=300  \\$a46 p. :$bill. ;$c22 cm.
=336  \\$atext$2rdacontent
=337  \\$acomputer$2rdamedia
=338  \\$aonline resource$2rdacarrier
=490  1\$aNBER working paper series ;$vno. 13721
=500  \\$a"January 2008."
=504  \\$aIncludes bibliographical references (p. 30-32).
=520  \\$aDisparity between control and ownership rights gives rise to the risk of tunneling by the controlling shareholder. This disparity is prevalent in many emerging market economies and present in some developed countries. This paper studies whether and how the degree of control-ownership disparity in investors' home countries affects their portfolio choice in an emerging market. It combines two unique data sets on ownership and control in business groups, and investor-stock level foreign investment in Korea. A key finding is that, investors from low-disparity countries disfavor high-disparity stocks in Korea, but investors from high-disparity countries are indifferent. Moreover, investors from low-disparity countries became averse to disparity only after the Asian financial crisis. These results suggest that the nature of corporate governance in international investors' home countries affects their portfolio choice abroad, and therefore that these investors should not be lumped together in analyses of their portfolio choice.
=530  \\$aAlso available in PDF from the NBER World Wide Web site (www.nber.org).
=540  \\$aBritish Library not licensed to copy$c0$5Uk
=650  \0$aCorporate governance.
=650  \0$aPortfolio management$xEconometric models.
=650  \0$aInvestments, Foreign$zKorea$xEconometric models.
=700  1\$aSung, Taeyoon.
=700  1\$aWei, Shang-Jin.
=710  2\$aNational Bureau of Economic Research.
=830  \0$aWorking paper series (National Bureau of Economic Research) ;$vworking paper no. 13721.
=852  41$aBritish Library$bDSC$j6067.719500$ino. 13721
=856  41$uhttp://www.nber.org/papers/W13721
=ACF  \\$aBritish Library not licensed to copy$c0$e01-oct-2013$hC$iCFP Excluded$5Uk
=CAT  \\$a7164$b40$c20080131$lBLL01$h0936
=CAT  \\$a10775$b40$c20080204$lBLL01$h0933
=CAT  \\$a12179$b40$c20080606$lBLL01$h1059
=CAT  \\$aBATCH-UPD$b40$c20110820$lBLL01$h1742
=CAT  \\$aBATCH-UPD$b40$c20120229$lBLL01$h1502
=CAT  \\$aBATCH-CLA$b00$c20130527$lBLL01$h0130
=CAT  \\$aBATCH-CLA$b00$c20130630$lBLL01$h1630
=CAT  \\$aIPL-CLA$c20130701$lBLL01$h0118
=CAT  \\$aBATCH-CLA$b00$c20130702$lBLL01$h0202
=CAT  \\$aBATCH-CLA$b00$c20130929$lBLL01$h1619
=CAT  \\$aIPL-CLA$c20130930$lBLL01$h1758
=CAT  \\$aBATCH-CLA$b00$c20131202$lBLL01$h0331
=CAT  \\$aIPL-CLA$c20140101$lBLL01$h0049
=CAT  \\$aBATCH-CLA$b00$c20140327$lBLL01$h1829
=CAT  \\$aIPL-CLA$c20140331$lBLL01$h1633
=CAT  \\$aW2308-1659$c20230923$lBLL01$h1118
=CAT  \\$aBATCH-CLA$b00$c20230924$lBLL01$h0649
=CFI  0\$aBritish Library not licensed to copy$c0$e01-apr-2014$hC$iCFP Excluded$5Uk
=FIN  \\$aY$d20080204
=FMT  \\$a  BK
=LAS  \\$aBATCH-CLA$b00$c20230924$lBLL01$h0649
=SID  \\$aZ39$bOCLC
=TCO  \\$aTRS$bCCC$c008

