=LDR  03922cam a22005897a 4500
=001  014509889
=003  Uk
=005  20230924064932.0
=007  cr\mn|||||||||
=008  080116s2007\\\\mau\\\\\\b\\\\000\0\eng\d
=035  \\$a(OCoLC)190846194
=040  \\$aIUL$cIUL$dGZM$dUk
=245  00$aImpact of first occupation on health at older ages /$cJody L. Sindelar ... [et al.].
=260  \\$aCambridge, Mass. :$bNational Bureau of Economic Research,$c2007.
=300  \\$a30 p. ;$c22 cm.
=336  \\$atext$2rdacontent
=337  \\$acomputer$2rdamedia
=338  \\$aonline resource$2rdacarrier
=490  1\$aNBER working paper series ;$vno. 13715
=500  \\$a"December 2007".
=504  \\$aIncludes bibliographical references (p. 19-21).
=520  \\$aOccupation is discussed as a social determinant of health. Occupation has received little attention in this light in the economics literature. We examine occupation in a life-course framework and use measures of first-occupation, initial health, and mother₂s education. We contend that first occupation is a choice made relatively early in life that affects health outcomes at later ages. We examine first-occupation for two reasons: 1) there is growing evidence that early determinants affect later health and occupation has received little attention in this regard and 2) first occupation is predetermined in analysis of later health, which helps to address the issue of potential simultaneity. Using data from the Panel Study of Income Dynamics (PSID) we estimate the impact of initial occupation on two measures of health later in life: respondent-reported fair/poor health and ever suffering a heart attack. The PSID offers the opportunity to examine a lifecycle perspective as we can examine the impact of early occupation on later health while controlling for several predetermined conditions such as mother₂s education and health in youth. Estimates suggest that first-occupation has a durable impact on later health, ceteris paribus, but that the impact varies by health measure and the set of control variables in regression specifications. Early choice of occupation could be a critical factor in successful aging and this information may pave the way to developing more effective workplace and public policies to improve health in older ages.
=530  \\$aAlso available in PDF from the NBER world wide web site (www.nber.org).
=540  \\$aBritish Library not licensed to copy$c0$5Uk
=650  \0$aIndustrial hygiene.
=650  \0$aOlder people$xHealth and hygiene$xEconometric models.
=650  \0$aMyocardial infarction$xEpidemiology$xEconometric models.
=700  1\$aSindelar, Jody Louise.
=710  2\$aNational Bureau of Economic Research.
=830  \0$aWorking paper series (National Bureau of Economic Research) ;$vworking paper no. 13715.
=852  41$aBritish Library$bDSC$j6067.719500$ino. 13715
=856  41$uhttp://www.nber.org/papers/W13715
=ACF  \\$aBritish Library not licensed to copy$c0$e01-oct-2013$hC$iCFP Excluded$5Uk
=CAT  \\$a7164$b40$c20080131$lBLL01$h1037
=CAT  \\$aBATCH-CLA$b00$c20130527$lBLL01$h0130
=CAT  \\$aBATCH-CLA$b00$c20130630$lBLL01$h1630
=CAT  \\$aIPL-CLA$c20130701$lBLL01$h0118
=CAT  \\$aBATCH-CLA$b00$c20130702$lBLL01$h0202
=CAT  \\$aBATCH-CLA$b00$c20130929$lBLL01$h1619
=CAT  \\$aIPL-CLA$c20130930$lBLL01$h1758
=CAT  \\$aBATCH-CLA$b00$c20131202$lBLL01$h0331
=CAT  \\$aIPL-CLA$c20140101$lBLL01$h0049
=CAT  \\$aBATCH-CLA$b00$c20140327$lBLL01$h1829
=CAT  \\$aIPL-CLA$c20140331$lBLL01$h1633
=CAT  \\$aW2308-1659$c20230923$lBLL01$h1118
=CAT  \\$aBATCH-CLA$b00$c20230924$lBLL01$h0649
=CFI  0\$aBritish Library not licensed to copy$c0$e01-apr-2014$hC$iCFP Excluded$5Uk
=FIN  \\$aY$d20080131
=FMT  \\$a  BK
=LAS  \\$aBATCH-CLA$b00$c20230924$lBLL01$h0649
=SID  \\$aZ39$bOCLC
=TCO  \\$aTRS$bCCC$c008

