=LDR  03452cam a22005897a 4500
=001  014510226
=003  Uk
=005  20230924064932.0
=007  cr\mn|||||||||
=008  080111s2007\\\\mau\\\\\\b\\\\000\0\eng\d
=035  \\$a(OCoLC)190773910
=040  \\$aIUL$cIUL$dGZM$dUk
=100  1\$aGlaeser, Edward L.$q(Edward Ludwig),$d1967-
=245  10$aExtremism and social learning /$cEdward L. Glaeser, Cass R. Sunstein.
=260  \\$aCambridge, Mass. :$bNational Bureau of Economic Research,$cc2007.
=300  \\$a63 p. ;$c22 cm.
=336  \\$atext$2rdacontent
=337  \\$acomputer$2rdamedia
=338  \\$aonline resource$2rdacarrier
=490  1\$aNBER working paper series ;$vno. 13687
=500  \\$a"December 2007."
=504  \\$aIncludes bibliographical references (p. 51-54).
=520  \\$aWhen members of deliberating groups speak with one another, their predeliberation tendencies often become exacerbated as their views become more extreme. The resulting phenomenon -- group polarization -- has been observed in many settings, and it bears on the actions of juries, administrative tribunals, corporate boards, and other institutions. Polarization can result from rational Bayesian updating by group members, but in many contexts, this rational interpretation of polarization seems implausible. We argue that people are better seen as Credulous Bayesians, who insufficiently adjust for idiosyncratic features of particular environments and put excessive weight on the statements of others where there are 1) common sources of information; 2) highly unrepresentative group membership; 3) statements that are made to obtain approval; and 4) statements that are designed to manipulate. Credulous Bayesianism can produce extremism and significant blunders. We discuss the implications of Credulous Bayesianism for law and politics, including media policy and cognitive diversity on administrative agencies and courts.
=530  \\$aAlso available in PDF from the NBER world wide web site (www.nber.org).
=540  \\$aBritish Library not licensed to copy$c0$5Uk
=650  \0$aPolarization (Social sciences)
=650  \0$aBayesian statistical decision theory.
=700  1\$aSunstein, Cass R.
=710  2\$aNational Bureau of Economic Research.
=830  \0$aWorking paper series (National Bureau of Economic Research) ;$vworking paper no. 13687.
=852  41$aBritish Library$bDSC$j6067.719500$ino. 13687
=856  41$uhttp://www.nber.org/papers/W13687
=ACF  \\$aBritish Library not licensed to copy$c0$e01-oct-2013$hC$iCFP Excluded$5Uk
=CAT  \\$a7233$b40$c20080131$lBLL01$h1359
=CAT  \\$aBATCH-CLA$b00$c20130527$lBLL01$h0130
=CAT  \\$aBATCH-CLA$b00$c20130630$lBLL01$h1630
=CAT  \\$aIPL-CLA$c20130701$lBLL01$h0119
=CAT  \\$aBATCH-CLA$b00$c20130702$lBLL01$h0202
=CAT  \\$aBATCH-CLA$b00$c20130929$lBLL01$h1619
=CAT  \\$aIPL-CLA$c20130930$lBLL01$h1758
=CAT  \\$aBATCH-CLA$b00$c20131202$lBLL01$h0331
=CAT  \\$aIPL-CLA$c20140101$lBLL01$h0049
=CAT  \\$aBATCH-CLA$b00$c20140327$lBLL01$h1829
=CAT  \\$aIPL-CLA$c20140331$lBLL01$h1633
=CAT  \\$aW2308-1659$c20230923$lBLL01$h1118
=CAT  \\$aBATCH-CLA$b00$c20230924$lBLL01$h0649
=CFI  0\$aBritish Library not licensed to copy$c0$e01-apr-2014$hC$iCFP Excluded$5Uk
=FIN  \\$aY$d20080131
=FMT  \\$a  BK
=LAS  \\$aBATCH-CLA$b00$c20230924$lBLL01$h0649
=SID  \\$aZ39$bOCLC
=TCO  \\$aTRS$bCCC$c008

