=LDR  02907 am a22005777a 4500
=001  014510238
=003  Uk
=005  20080204091412.0
=007  cr\mn|||||||||
=008  080116s2007\\\\mau\\\\\\b\\\\000\0\eng\d
=035  \\$a(OCoLC)190845863
=040  \\$aIUL$cIUL$dGZM$dUk
=100  1\$aCostinot, Arnaud,$d1978-
=245  10$aWhat goods to countries trade? :$bnew Ricardian predictions /$cArnaud Costinot, Ivana Komunjer.
=260  \\$aCambridge, Mass. :$bNational Bureau of Economic Research,$cc2007.
=300  \\$a41 p. ;$c22 cm.
=336  \\$atext$2rdacontent
=337  \\$acomputer$2rdamedia
=338  \\$aonline resource$2rdacarrier
=490  1\$aNBER working paper series ;$vno. 13691
=500  \\$a"December 2007."
=504  \\$aIncludes bibliographical references (p. 19-22).
=520  \\$aThough one of the pillars of the theory of international trade, the extreme predictions of the Ricardian model have made it unsuitable for empirical purposes. A seminal contribution of Eaton and Kortum (2002) is to demonstrate that random productivity shocks are sufficient to make the Ricardian model empirically relevant. While successful at explaining trade volumes, their model remains silent with regards to one important question: What goods do countries trade? Our main contribution is to generalize their approach and provide an empirically meaningful answer to this question.
=530  \\$aAlso available in PDF from the NBER world wide web site (www.nber.org).
=540  \\$aBritish Library not licensed to copy$c0$5Uk
=650  \0$aInternational trade$xEconometric models.
=700  1\$aKomunjer, Ivana.
=710  2\$aNational Bureau of Economic Research.
=830  \0$aWorking paper series (National Bureau of Economic Research) ;$vworking paper no. 13691.
=852  41$aBritish Library$bDSC$j6067.719500$ino. 13691
=856  41$uhttp://www.nber.org/papers/W13691
=ACF  \\$aBritish Library not licensed to copy$c0$e01-oct-2013$hC$iCFP Excluded$5Uk
=CAT  \\$a7233$b40$c20080131$lBLL01$h1404
=CAT  \\$a10775$b40$c20080204$lBLL01$h0914
=CAT  \\$aBATCH-CLA$b00$c20130527$lBLL01$h0130
=CAT  \\$aBATCH-CLA$b00$c20130630$lBLL01$h1630
=CAT  \\$aIPL-CLA$c20130701$lBLL01$h0119
=CAT  \\$aBATCH-CLA$b00$c20130702$lBLL01$h0202
=CAT  \\$aBATCH-CLA$b00$c20130929$lBLL01$h1619
=CAT  \\$aIPL-CLA$c20130930$lBLL01$h1758
=CAT  \\$aBATCH-CLA$b00$c20131202$lBLL01$h0331
=CAT  \\$aIPL-CLA$c20140101$lBLL01$h0049
=CAT  \\$aBATCH-CLA$b00$c20140327$lBLL01$h1829
=CAT  \\$aIPL-CLA$c20140331$lBLL01$h1633
=CFI  0\$aBritish Library not licensed to copy$c0$e01-apr-2014$hC$iCFP Excluded$5Uk
=CFI  2\$aBritish Library not licensed to copy$c0$e01-jan-2014$hC$iCFP Excluded$5Uk
=FIN  \\$aY$d20080204
=FMT  \\$a  BK
=LAS  \\$aIPL-CLA$b00$c20140331$lBLL01$h1633
=SID  \\$aZ39$bOCLC
=TCO  \\$aTRS$bCCC$c008

