=LDR  03829 am a22005897a 4500
=001  014510241
=003  Uk
=005  20080204090633.0
=007  cr\mn|||||||||
=008  080125s2007\\\\maua\\\\\b\\\\000\0\eng\d
=035  \\$a(OCoLC)191219232
=040  \\$aIUL$cIUL$dGZM$dUk
=100  1\$aLee, Young Han.
=245  14$aThe bidder's curse /$cYoung Han Lee, Ulrike Malmendier.
=260  \\$aCambridge, Mass. :$bNational Bureau of Economic Research,$cc2007.
=300  \\$a36, [16] p. :$bill. ;$c22 cm.
=336  \\$atext$2rdacontent
=337  \\$acomputer$2rdamedia
=338  \\$aonline resource$2rdacarrier
=490  1\$aNBER working paper series ;$vno. 13699
=500  \\$a"December 2007."
=504  \\$aIncludes bibliographical references (p. 32-36).
=520  \\$aTraditional explanations for the popularity of auctions are efficiency and revenue maximization. We argue that auctions also induce 'overbidding,' i.e., bidding above the buyer's willingness to pay for an item outside the auction. Even if only few buyers overbid, they affect prices and allocations since auctions systematically pick those buyers as winners. We employ a novel approach to identify overbidding, using hand-collected data of eBay auctions with simultaneous fixed prices. We argue that fixed prices for identical items on the same webpage should provide an upper bound for bidders' willingness to pay in the auctions. In a first, detailed data set of board game auctions, we find that, in 42 percent of the auctions, the final price is higher than the simultaneous fixed price. The result is not explained by differences in item quality, shipping costs, or seller reputation. Auction experience, as measured by eBay's feedback score, does not eliminate overbidding. We also document that the large fraction of overbidding is induced by a small number of players: only 17 percent of bidders ever bid above the fixed price. The finding replicates in a broad cross-section of auctions (48 percent overbidding). Using a simple model of second-price auctions with a fixed price option, we show that transaction costs of switching between auctions and fixed prices are not sufficient to explain the results. Limited attention of bidders and utility of winning both contribute to explaining the empirical findings.
=530  \\$aAlso available in PDF from the NBER world wide web site (www.nber.org).
=540  \\$aBritish Library not licensed to copy$c0$5Uk
=610  20$aeBay (Firm)
=650  \0$aAuctions$xEconometric models.
=700  1\$aMalmendier, Ulrike.
=710  2\$aNational Bureau of Economic Research.
=830  \0$aWorking paper series (National Bureau of Economic Research) ;$vworking paper no. 13699.
=852  41$aBritish Library$bDSC$j6067.719500$ino. 13699
=856  41$uhttp://www.nber.org/papers/W13699
=ACF  \\$aBritish Library not licensed to copy$c0$e01-oct-2013$hC$iCFP Excluded$5Uk
=CAT  \\$a7233$b40$c20080131$lBLL01$h1407
=CAT  \\$a10775$b40$c20080204$lBLL01$h0906
=CAT  \\$aBATCH-CLA$b00$c20130527$lBLL01$h0130
=CAT  \\$aBATCH-CLA$b00$c20130630$lBLL01$h1630
=CAT  \\$aIPL-CLA$c20130701$lBLL01$h0119
=CAT  \\$aBATCH-CLA$b00$c20130702$lBLL01$h0202
=CAT  \\$aBATCH-CLA$b00$c20130929$lBLL01$h1619
=CAT  \\$aIPL-CLA$c20130930$lBLL01$h1758
=CAT  \\$aBATCH-CLA$b00$c20131202$lBLL01$h0331
=CAT  \\$aIPL-CLA$c20140101$lBLL01$h0049
=CAT  \\$aBATCH-CLA$b00$c20140327$lBLL01$h1829
=CAT  \\$aIPL-CLA$c20140331$lBLL01$h1633
=CFI  0\$aBritish Library not licensed to copy$c0$e01-apr-2014$hC$iCFP Excluded$5Uk
=CFI  2\$aBritish Library not licensed to copy$c0$e01-jan-2014$hC$iCFP Excluded$5Uk
=FIN  \\$aY$d20080204
=FMT  \\$a  BK
=LAS  \\$aIPL-CLA$b00$c20140331$lBLL01$h1633
=SID  \\$aZ39$bOCLC
=TCO  \\$aTRS$bCCC$c008

