=LDR  03587 am a22006377a 4500
=001  014510275
=003  Uk
=005  20080204091035.0
=007  cr\mn|||||||||
=008  080116s2007\\\\maua\\\\\b\\\\000\0\eng\d
=035  \\$a(OCoLC)190846145
=040  \\$aIUL$cIUL$dGZM$dUk
=043  \\$an-us---
=100  1\$aDoepke, Matthias.
=245  14$aThe baby boom and World War II :$ba macroeconomic analysis /$cMatthias Doepke, Moshe Hazan, Yishay Maoz.
=260  \\$aCambridge, Mass. :$bNational Bureau of Economic Research,$cc2007.
=300  \\$a45 p. :$bill. ;$c22 cm.
=336  \\$atext$2rdacontent
=337  \\$acomputer$2rdamedia
=338  \\$aonline resource$2rdacarrier
=490  1\$aNBER working paper series ;$vno. 13707
=500  \\$a"December 2007."
=504  \\$aIncludes bibliographical references (p. 39-42).
=520  \\$aWe argue that one major cause of the U.S. postwar baby boom was the increased demand for female labor during World War II. We develop a quantitative dynamic general equilibrium model with endogenous fertility and female labor-force participation decisions. We use the model to assess the long-term implications of a one-time demand shock for female labor, such as the one experienced by American women during wartime mobilization. For the war generation, the shock leads to a persistent increase in female labor supply due to the accumulation of work experience. In contrast, younger women who turn adult after the war face increased labor-market competition, which impels them to exit the labor market and start having children earlier. In our calibrated model, this general-equilibrium effect generates a substantial baby boom followed by a baby bust, as well as patterns for age-specific labor-force participation and fertility rates that are consistent with U.S data.
=530  \\$aAlso available in PDF from the NBER world wide web site (www.nber.org).
=540  \\$aBritish Library not licensed to copy$c0$5Uk
=650  \0$aBaby boom generation$zUnited States.
=650  \0$aWorld War, 1939-1945$xEconomic aspects$zUnited States.
=650  \0$aFertility, Human$zUnited States$xHistory$y20th century$xEconometric models.
=650  \0$aWomen$xEmployment$zUnited States$xHistory$y20th century.
=700  1\$aHazan, Moshe.
=700  1\$aMaoz, Yishay.
=710  2\$aNational Bureau of Economic Research.
=830  \0$aWorking paper series (National Bureau of Economic Research) ;$vworking paper no. 13707.
=852  41$aBritish Library$bDSC$j6067.719500$ino. 13707
=856  41$uhttp://www.nber.org/papers/W13707
=ACF  \\$aBritish Library not licensed to copy$c0$e01-oct-2013$hC$iCFP Excluded$5Uk
=CAT  \\$a7233$b40$c20080131$lBLL01$h1416
=CAT  \\$a10775$b40$c20080204$lBLL01$h0910
=CAT  \\$aBATCH-CLA$b00$c20130527$lBLL01$h0130
=CAT  \\$aBATCH-CLA$b00$c20130630$lBLL01$h1630
=CAT  \\$aIPL-CLA$c20130701$lBLL01$h0119
=CAT  \\$aBATCH-CLA$b00$c20130702$lBLL01$h0202
=CAT  \\$aBATCH-CLA$b00$c20130929$lBLL01$h1619
=CAT  \\$aIPL-CLA$c20130930$lBLL01$h1758
=CAT  \\$aBATCH-CLA$b00$c20131202$lBLL01$h0331
=CAT  \\$aIPL-CLA$c20140101$lBLL01$h0049
=CAT  \\$aBATCH-CLA$b00$c20140327$lBLL01$h1829
=CAT  \\$aIPL-CLA$c20140331$lBLL01$h1633
=CFI  0\$aBritish Library not licensed to copy$c0$e01-apr-2014$hC$iCFP Excluded$5Uk
=CFI  2\$aBritish Library not licensed to copy$c0$e01-jan-2014$hC$iCFP Excluded$5Uk
=FIN  \\$aY$d20080204
=FMT  \\$a  BK
=LAS  \\$aIPL-CLA$b00$c20140331$lBLL01$h1633
=SID  \\$aZ39$bOCLC
=TCO  \\$aTRS$bCCC$c008

