=LDR  03309 am a22006377a 4500
=001  014516428
=003  Uk
=005  20080220115427.0
=007  cr\mn|||||||||
=008  080208s2008\\\\maua\\\\\b\\\\000\0\eng\d
=035  \\$a(OCoLC)191884032
=040  \\$aUk$beng$cUk
=043  \\$an-us---$an-mx---
=100  1\$aBurstein, Ariel T.
=245  10$aTrade, production sharing, and the international transmission of business cycles /$cAriel Burstein, Christopher Kurz, Linda Tesar.
=260  \\$aCambridge, Mass. :$bNational Bureau of Economic Research,$cc2008.
=300  \\$a28, [7] p. :$bill. ;$c22 cm.
=336  \\$atext$2rdacontent
=337  \\$acomputer$2rdamedia
=338  \\$aonline resource$2rdacarrier
=490  1\$aNBER working paper series ;$vno. 13731
=500  \\$a"January 2008".
=504  \\$aIncludes bibliographical references (p. 25-28).
=520  \\$aCountries that are more engaged in production sharing exhibit higher bilateral manufacturing output correlations. We use data on trade flows between US multinationals and their affiliates as well as trade between the United States and Mexican maquiladoras to measure production-sharing trade and its link with the business cycle. We then develop a quantitative model of international business cycles that generates a positive link between the extent of vertically integrated production-sharing trade and internationally synchronized business cycles. A key assumption in the model is a relatively low elasticity of substitution between home and foreign inputs in the production of the vertically integrated good.
=530  \\$aAlso available in PDF from the NBER World Wide Web site (www.nber.org).
=540  \\$aBritish Library not licensed to copy$c0$5Uk
=650  \0$aBusiness cycles$xEconometric models.
=650  \0$aInternational trade.
=650  \0$aInternational business enterprises$zUnited States.
=651  \0$aUnited States$xCommerce$zMexico.
=700  1\$aKurz, Christopher.
=700  1\$aTesar, Linda L.$q(Linda Louise),$d1961-
=710  2\$aNational Bureau of Economic Research.
=830  \0$aWorking paper series (National Bureau of Economic Research) ;$vworking paper no. 13731.
=852  41$aBritish Library$bDSC$j6067.719500$ino. 13731
=856  41$uhttp://www.nber.org/papers/W13731
=ACF  \\$aBritish Library not licensed to copy$c0$e01-oct-2013$hC$iCFP Excluded$5Uk
=CAT  \\$a8411$b40$c20080208$lBLL01$h0958
=CAT  \\$a11250$b40$c20080220$lBLL01$h1154
=CAT  \\$aBATCH-CLA$b00$c20130527$lBLL01$h0130
=CAT  \\$aBATCH-CLA$b00$c20130630$lBLL01$h1630
=CAT  \\$aIPL-CLA$c20130701$lBLL01$h0119
=CAT  \\$aBATCH-CLA$b00$c20130702$lBLL01$h0202
=CAT  \\$aBATCH-CLA$b00$c20130929$lBLL01$h1619
=CAT  \\$aIPL-CLA$c20130930$lBLL01$h1758
=CAT  \\$aBATCH-CLA$b00$c20131202$lBLL01$h0331
=CAT  \\$aIPL-CLA$c20140101$lBLL01$h0049
=CAT  \\$aBATCH-CLA$b00$c20140327$lBLL01$h1829
=CAT  \\$aIPL-CLA$c20140331$lBLL01$h1634
=CFI  0\$aBritish Library not licensed to copy$c0$e01-apr-2014$hC$iCFP Excluded$5Uk
=CFI  2\$aBritish Library not licensed to copy$c0$e01-jan-2014$hC$iCFP Excluded$5Uk
=FIN  \\$aY$d20080220
=FMT  \\$a  BK
=LAS  \\$aIPL-CLA$b00$c20140331$lBLL01$h1634
=SID  \\$aZ39$bOCLC
=TCO  \\$aTRS$bCCC$c008

