=LDR  02523cam a22006017a 4500
=001  014520345
=003  Uk
=005  20230924064932.0
=008  080129s2008\\\\maua\\\\\b\\\\000\0\eng\d
=035  \\$a(OCoLC)191684934
=040  \\$aGZM$cGZM$dUk
=100  1\$aRomley, John A.
=245  10$aHow costly is hospital quality? :$ba revealed-preference approach /$cJohn A. Romley, Dana Goldman.
=260  \\$aCambridge, Mass. :$bNational Bureau of Economic Research,$cc2008.
=300  \\$a37, [24] p. :$bill. ;$c22 cm.
=336  \\$atext$2rdacontent
=337  \\$aunmediated$2rdamedia
=338  \\$avolume$2rdacarrier
=490  1\$aWorking paper series (National Bureau of Economic Research) ;$vworking paper no. 13730.
=504  \\$aIncludes bibliographical references (p. 32-37).
=530  \\$aAlso available in PDF from the NBER World Wide Web site (www.nber.org).
=540  \\$aBritish Library not licensed to copy$c0$5Uk
=650  \0$aHospitals$xEvaluation$xEconomic aspects.
=650  \0$aMedical care$xQuality control$xEconomic aspects.
=650  \0$aHospitals$xCosts.
=700  1\$aGoldman, Dana P.$q(Dana Paul),$d1966-
=710  2\$aNational Bureau of Economic Research.
=830  \0$aWorking paper series (National Bureau of Economic Research) ;$vworking paper no. 13730.
=852  41$aBritish Library$bDSC$j6067.719500$ino.13730
=856  41$uhttp://www.nber.org/papers/W13730
=ACF  \\$aBritish Library not licensed to copy$c0$e01-oct-2013$hC$iCFP Excluded$5Uk
=CAT  \\$a9504$b40$c20080213$lBLL01$h0921
=CAT  \\$a11070$b40$c20080220$lBLL01$h1614
=CAT  \\$aBATCH$b00$c20091217$lBLL01$h0518
=CAT  \\$aBATCH$b00$c20100103$lBLL01$h1310
=CAT  \\$aBATCH-CLA$b00$c20130527$lBLL01$h0130
=CAT  \\$aBATCH-CLA$b00$c20130630$lBLL01$h1630
=CAT  \\$aIPL-CLA$c20130701$lBLL01$h0119
=CAT  \\$aBATCH-CLA$b00$c20130702$lBLL01$h0202
=CAT  \\$aBATCH-CLA$b00$c20130929$lBLL01$h1619
=CAT  \\$aIPL-CLA$c20130930$lBLL01$h1758
=CAT  \\$aBATCH-CLA$b00$c20131202$lBLL01$h0332
=CAT  \\$aIPL-CLA$c20140101$lBLL01$h0049
=CAT  \\$aBATCH-CLA$b00$c20140327$lBLL01$h1829
=CAT  \\$aIPL-CLA$c20140331$lBLL01$h1634
=CAT  \\$aW2308-1659$c20230923$lBLL01$h1118
=CAT  \\$aBATCH-CLA$b00$c20230924$lBLL01$h0649
=CFI  0\$aBritish Library not licensed to copy$c0$e01-apr-2014$hC$iCFP Excluded$5Uk
=FIN  \\$aY$d20080220
=FMT  \\$a  BK
=LAS  \\$aBATCH-CLA$b00$c20230924$lBLL01$h0649
=SID  \\$aZ39$bOCLC
=TCO  \\$aTRS$bCCC$c008

