=LDR  02607cam a22006377a 4500
=001  014520388
=003  Uk
=005  20230924064932.0
=008  080208s2008\\\\mau\\\\\\b\\\\000\0\eng\d
=035  \\$a(OCoLC)191885236
=040  \\$aGZM$cGZM$dUk
=043  \\$an-us---
=100  1\$aLusardi, Annamaria.
=245  10$aPlanning and financial literacy :$bhow do women fare? /$cAnnamaria Lusardi, Olivia S. Mitchell.
=260  \\$aCambridge, Mass. :$bNational Bureau of Economic Research,$cc2008.
=300  \\$a10 p. ;$c22 cm.
=336  \\$atext$2rdacontent
=337  \\$aunmediated$2rdamedia
=338  \\$avolume$2rdacarrier
=490  1\$aWorking paper series (National Bureau of Economic Research) ;$vworking paper no. 13750
=504  \\$aIncludes bibliographical references (p. 10).
=530  \\$aAlso available in PDF from the NBER World Wide Web site (www.nber.org).
=540  \\$aBritish Library not licensed to copy$c0$5Uk
=650  \0$aFinancial literacy.
=650  \0$aRetirement$xPlanning.
=650  \0$aWomen$zUnited States$xEconomic conditions.
=650  \0$aOlder women$zUnited States$xEconomic conditions.
=700  1\$aMitchell, Olivia S.
=710  2\$aNational Bureau of Economic Research.
=830  \0$aWorking paper series (National Bureau of Economic Research) ;$vworking paper no. 13750.
=852  41$aBritish Library$bDSC$j6067.719500$ino.13750
=856  41$uhttp://www.nber.org/papers/W13750
=ACF  \\$aBritish Library not licensed to copy$c0$e01-oct-2013$hC$iCFP Excluded$5Uk
=CAT  \\$a9504$b40$c20080213$lBLL01$h0949
=CAT  \\$a11070$b40$c20080220$lBLL01$h1607
=CAT  \\$aBATCH$b00$c20091217$lBLL01$h0518
=CAT  \\$aBATCH$b00$c20100103$lBLL01$h1310
=CAT  \\$aBATCH-UPD$b00$c20101101$lBLL01$h0004
=CAT  \\$aBATCH-CLA$b00$c20130527$lBLL01$h0130
=CAT  \\$aBATCH-CLA$b00$c20130630$lBLL01$h1630
=CAT  \\$aIPL-CLA$c20130701$lBLL01$h0119
=CAT  \\$aBATCH-CLA$b00$c20130702$lBLL01$h0202
=CAT  \\$aBATCH-CLA$b00$c20130929$lBLL01$h1619
=CAT  \\$aIPL-CLA$c20130930$lBLL01$h1758
=CAT  \\$aBATCH-CLA$b00$c20131202$lBLL01$h0332
=CAT  \\$aIPL-CLA$c20140101$lBLL01$h0049
=CAT  \\$aBATCH-CLA$b00$c20140327$lBLL01$h1829
=CAT  \\$aIPL-CLA$c20140331$lBLL01$h1634
=CAT  \\$aW2308-1659$c20230923$lBLL01$h1118
=CAT  \\$aBATCH-CLA$b00$c20230924$lBLL01$h0649
=CFI  0\$aBritish Library not licensed to copy$c0$e01-apr-2014$hC$iCFP Excluded$5Uk
=FIN  \\$aY$d20080220
=FMT  \\$a  BK
=LAS  \\$aBATCH-CLA$b00$c20230924$lBLL01$h0649
=SID  \\$aZ39$bOCLC
=TCO  \\$aTRS$bCCC$c008

