=LDR  02989cam a22005897a 4500
=001  014522573
=003  Uk
=005  20230924064932.0
=007  cr\mn|||||||||
=008  080208s2008\\\\mau\\\\\\b\\\\000\0\eng\d
=035  \\$a(OCoLC)191884713
=040  \\$aGZM$cGZM$dUk
=043  \\$ae------
=100  1\$aEichengreen, Barry J.
=245  10$aSui generis EMU /$cBarry Eichengreen.
=260  \\$aCambridge, Mass. :$bNational Bureau of Economic Research,$c2008.
=300  \\$a43 p. ;$c22 cm.
=336  \\$atext$2rdacontent
=337  \\$acomputer$2rdamedia
=338  \\$aonline resource$2rdacarrier
=490  1\$aNBER working paper series ;$vno. 13740
=500  \\$a"January 2008."
=504  \\$aIncludes bibliographical references (p. 38-43).
=520  \\$aThe thesis of this paper is that there is no historical precedent for Europe's monetary union (EMU). While it is possible to point to similar historical experiences, the most obvious of which were in the 19th century, occurred in Europe, and had "union" as part of their names, EMU differs from these earlier monetary unions. The closer one looks the more uncomfortable one becomes with the effort to draw parallels on the basis of historical experience. It is argued that efforts to draw parallels between EMU and monetary unions past are more likely to mislead than to offer useful insights. Where history is useful is not in drawing parallels but in pinpointing differences. It is useful for highlighting what is distinctive about EMU.
=530  \\$aAlso available in PDF from the NBER World Wide Web site (www.nber.org).
=540  \\$aBritish Library not licensed to copy$c0$5Uk
=610  20$aEconomic and Monetary Union.
=650  \0$aMonetary unions$zEurope$xHistory.
=710  2\$aNational Bureau of Economic Research.
=830  \0$aWorking paper series (National Bureau of Economic Research) ;$vworking paper no. 13740.
=852  41$aBritish Library$bDSC$j6067.719500$ino. 13740
=856  41$uhttp://www.nber.org/papers/W13740
=ACF  \\$aBritish Library not licensed to copy$c0$e01-oct-2013$hC$iCFP Excluded$5Uk
=CAT  \\$a10775$b40$c20080218$lBLL01$h0749
=CAT  \\$aBATCH-CLA$b00$c20130527$lBLL01$h0130
=CAT  \\$aBATCH-CLA$b00$c20130630$lBLL01$h1630
=CAT  \\$aIPL-CLA$c20130701$lBLL01$h0119
=CAT  \\$aBATCH-CLA$b00$c20130702$lBLL01$h0202
=CAT  \\$aBATCH-CLA$b00$c20130929$lBLL01$h1619
=CAT  \\$aIPL-CLA$c20130930$lBLL01$h1758
=CAT  \\$aBATCH-CLA$b00$c20131202$lBLL01$h0332
=CAT  \\$aIPL-CLA$c20140101$lBLL01$h0050
=CAT  \\$aBATCH-CLA$b00$c20140327$lBLL01$h1829
=CAT  \\$aIPL-CLA$c20140331$lBLL01$h1634
=CAT  \\$aW2308-1659$c20230923$lBLL01$h1119
=CAT  \\$aBATCH-CLA$b00$c20230924$lBLL01$h0649
=CFI  0\$aBritish Library not licensed to copy$c0$e01-apr-2014$hC$iCFP Excluded$5Uk
=FIN  \\$aY$d20080218
=FMT  \\$a  BK
=LAS  \\$aBATCH-CLA$b00$c20230924$lBLL01$h0649
=SID  \\$aZ39$bOCLC
=TCO  \\$aTRS$bCCC$c008

