=LDR  03302cam a22005777a 4500
=001  014522575
=003  Uk
=005  20230924064932.0
=007  cr\mn|||||||||
=008  080208s2008\\\\maua\\\\\b\\\\000\0\eng\d
=035  \\$a(OCoLC)191884582
=040  \\$aGZM$cGZM$dUk
=100  1\$aBernheim, B. Douglas.
=245  10$aBeyond revealed preferences :$bchoice theoretic foundations for behavioral welfare economics /$cB. Douglas Bernheim, Antonio Rangel.
=260  \\$aCambridge, Mass. :$bNational Bureau of Economic Research,$cc2008.
=300  \\$a66, [4] p. :$bill. ;$c22 cm.
=336  \\$atext$2rdacontent
=337  \\$acomputer$2rdamedia
=338  \\$aonline resource$2rdacarrier
=490  1\$aNBER working paper series ;$vno. 13737
=500  \\$a"January 2008."
=504  \\$aIncludes bibliographical references (p. 47-50).
=520  \\$aThis paper proposes a choice-theoretic framework for evaluating economic welfare with the following features. (1) In principle, it is applicable irrespective of the positive model used to describe behavior. (2) It subsumes standard welfare economics both as a special case (when standard choice axioms are satisfied) and as a limiting case (when behavioral anomalies are small). (3) Like standard welfare economics, it requires only data on choices. (4) It is easily applied in the context of specific behavioral theories, such as the [beta], [delta] model of time inconsistency, for which it has novel normative implications. (5) It generates natural counterparts for the standard tools of applied welfare analysis, including compensating and equivalent variation, consumer surplus, Pareto optimality, and the contract curve, and permits a broad generalization of the of the first welfare theorem. (6) Though not universally discerning, it lends itself to principled refinements.
=530  \\$aAlso available in PDF from the NBER World Wide Web site (www.nber.org).
=540  \\$aBritish Library not licensed to copy$c0$5Uk
=650  \0$aWelfare economics$xMethodology.
=700  1\$aRangel, Antonio.
=710  2\$aNational Bureau of Economic Research.
=830  \0$aWorking paper series (National Bureau of Economic Research) ;$vworking paper no. 13737.
=852  41$aBritish Library$bDSC$j6067.719500$ino. 13737
=856  41$uhttp://www.nber.org/papers/W13737
=ACF  \\$aBritish Library not licensed to copy$c0$e01-oct-2013$hC$iCFP Excluded$5Uk
=CAT  \\$a10775$b40$c20080218$lBLL01$h0754
=CAT  \\$aBATCH-CLA$b00$c20130527$lBLL01$h0130
=CAT  \\$aBATCH-CLA$b00$c20130630$lBLL01$h1630
=CAT  \\$aIPL-CLA$c20130701$lBLL01$h0119
=CAT  \\$aBATCH-CLA$b00$c20130702$lBLL01$h0202
=CAT  \\$aBATCH-CLA$b00$c20130929$lBLL01$h1619
=CAT  \\$aIPL-CLA$c20130930$lBLL01$h1758
=CAT  \\$aBATCH-CLA$b00$c20131202$lBLL01$h0332
=CAT  \\$aIPL-CLA$c20140101$lBLL01$h0050
=CAT  \\$aBATCH-CLA$b00$c20140327$lBLL01$h1829
=CAT  \\$aIPL-CLA$c20140331$lBLL01$h1634
=CAT  \\$aW2308-1659$c20230923$lBLL01$h1119
=CAT  \\$aBATCH-CLA$b00$c20230924$lBLL01$h0649
=CFI  0\$aBritish Library not licensed to copy$c0$e01-apr-2014$hC$iCFP Excluded$5Uk
=FIN  \\$aY$d20080218
=FMT  \\$a  BK
=LAS  \\$aBATCH-CLA$b00$c20230924$lBLL01$h0649
=SID  \\$aZ39$bOCLC
=TCO  \\$aTRS$bCCC$c008

