=LDR  02906cam a22006017a 4500
=001  014522577
=003  Uk
=005  20230924064932.0
=007  cr\mn|||||||||
=008  080208s2008\\\\maua\\\\\b\\\\000\0\eng\d
=035  \\$a(OCoLC)191884784
=040  \\$aGZM$cGZM$dUk
=100  1\$aDel Negro, Marco.
=245  10$aForming priors for DGSE models (and how it affects the assessment of nominal rigidities) /$cMarco Del Negro, Frank Schorfheide.
=260  \\$aCambridge, Mass. :$bNational Bureau of Economic Research,$cc2008.
=300  \\$a37 p. :$bill. ;$c22 cm.
=336  \\$atext$2rdacontent
=337  \\$acomputer$2rdamedia
=338  \\$aonline resource$2rdacarrier
=490  1\$aNBER working paper series ;$vno. 13741
=500  \\$a"January 2008."
=504  \\$aIncludes bibliographical references (p. 24-26).
=520  \\$aThe paper discusses prior elicitation for the parameters of dynamic stochastic general equilibrium (DSGE) models, and provides a method for constructing prior distributions for a subset of these parameters from beliefs about the moments of the endogenous variables. The empirical application studies the role of price and wage rigidities in a New Keynesian DSGE model and finds that standard macro time series cannot discriminate among theories that differ in the quantitative importance of nominal frictions.
=530  \\$aAlso available in PDF from the NBER World Wide Web site (www.nber.org).
=540  \\$aBritish Library not licensed to copy$c0$5Uk
=650  \0$aEquilibrium (Economics)$xMathematical models.
=650  \0$aStochastic models.
=650  \0$aKeynesian economics.
=700  1\$aSchorfheide, Frank.
=710  2\$aNational Bureau of Economic Research.
=830  \0$aWorking paper series (National Bureau of Economic Research) ;$vworking paper no. 13741.
=852  41$aBritish Library$bDSC$j6067.719500$ino. 13741
=856  41$uhttp://www.nber.org/papers/W13741
=ACF  \\$aBritish Library not licensed to copy$c0$e01-oct-2013$hC$iCFP Excluded$5Uk
=CAT  \\$a10775$b40$c20080218$lBLL01$h0757
=CAT  \\$aBATCH-CLA$b00$c20130527$lBLL01$h0130
=CAT  \\$aBATCH-CLA$b00$c20130630$lBLL01$h1630
=CAT  \\$aIPL-CLA$c20130701$lBLL01$h0119
=CAT  \\$aBATCH-CLA$b00$c20130702$lBLL01$h0202
=CAT  \\$aBATCH-CLA$b00$c20130929$lBLL01$h1619
=CAT  \\$aIPL-CLA$c20130930$lBLL01$h1758
=CAT  \\$aBATCH-CLA$b00$c20131202$lBLL01$h0332
=CAT  \\$aIPL-CLA$c20140101$lBLL01$h0050
=CAT  \\$aBATCH-CLA$b00$c20140327$lBLL01$h1829
=CAT  \\$aIPL-CLA$c20140331$lBLL01$h1634
=CAT  \\$aW2308-1659$c20230923$lBLL01$h1119
=CAT  \\$aBATCH-CLA$b00$c20230924$lBLL01$h0649
=CFI  0\$aBritish Library not licensed to copy$c0$e01-apr-2014$hC$iCFP Excluded$5Uk
=FIN  \\$aY$d20080218
=FMT  \\$a  BK
=LAS  \\$aBATCH-CLA$b00$c20230924$lBLL01$h0649
=SID  \\$aZ39$bOCLC
=TCO  \\$aTRS$bCCC$c008

