=LDR  03170cam a22006017a 4500
=001  014522578
=003  Uk
=005  20230924064932.0
=007  cr\mn|||||||||
=008  080208s2008\\\\maua\\\\\b\\\\000\0\eng\d
=035  \\$a(OCoLC)191884889
=040  \\$aGZM$cGZM$dUk
=100  1\$aEngel, Eduardo.
=245  10$aOptimal resource extraction contracts under threat of expropriation /$cEduardo Engel, Ronald Fischer.
=260  \\$aCambridge, Mass. :$bNational Bureau of Economic Research,$cc2008.
=300  \\$a31 p. :$bill. ;$c22 cm.
=336  \\$atext$2rdacontent
=337  \\$acomputer$2rdamedia
=338  \\$aonline resource$2rdacarrier
=490  1\$aNBER working paper series ;$vno. 13742
=500  \\$a"January 2008."
=504  \\$aIncludes bibliographical references (p. 29).
=520  \\$aThe government contracts with a foreign firm to extract a natural resource that requires an upfront investment and which faces price uncertainty. In states where profits are high, there is a likelihood of expropriation, which generates a social cost that increases with the expropriated value. In this environment, the planner's optimal contract avoids states with high probability of expropriation. The contract can be implemented via a competitive auction with reasonable informational requirements. The bidding variable is a cap on the present value of discounted revenues, and the firm with the lowest bid wins the contract. The basic framework is extended to incorporate government subsidies, unenforceable investment effort and political moral hazard, and the general thrust of the results described above is preserved.
=530  \\$aAlso available in PDF from the NBER World Wide Web site (www.nber.org).
=540  \\$aBritish Library not licensed to copy$c0$5Uk
=650  \0$aNatural resources.
=650  \0$aEminent domain.
=650  \0$aContracts$xEconometric models.
=700  1\$aFischer, Ronald D.
=710  2\$aNational Bureau of Economic Research.
=830  \0$aWorking paper series (National Bureau of Economic Research) ;$vworking paper no. 13742.
=852  41$aBritish Library$bDSC$j6067.719500$ino. 13742
=856  41$uhttp://www.nber.org/papers/W13742
=ACF  \\$aBritish Library not licensed to copy$c0$e01-oct-2013$hC$iCFP Excluded$5Uk
=CAT  \\$a10775$b40$c20080218$lBLL01$h0800
=CAT  \\$aBATCH-CLA$b00$c20130527$lBLL01$h0130
=CAT  \\$aBATCH-CLA$b00$c20130630$lBLL01$h1630
=CAT  \\$aIPL-CLA$c20130701$lBLL01$h0119
=CAT  \\$aBATCH-CLA$b00$c20130702$lBLL01$h0202
=CAT  \\$aBATCH-CLA$b00$c20130929$lBLL01$h1619
=CAT  \\$aIPL-CLA$c20130930$lBLL01$h1758
=CAT  \\$aBATCH-CLA$b00$c20131202$lBLL01$h0332
=CAT  \\$aIPL-CLA$c20140101$lBLL01$h0050
=CAT  \\$aBATCH-CLA$b00$c20140327$lBLL01$h1829
=CAT  \\$aIPL-CLA$c20140331$lBLL01$h1634
=CAT  \\$aW2308-1659$c20230923$lBLL01$h1119
=CAT  \\$aBATCH-CLA$b00$c20230924$lBLL01$h0649
=CFI  0\$aBritish Library not licensed to copy$c0$e01-apr-2014$hC$iCFP Excluded$5Uk
=FIN  \\$aY$d20080218
=FMT  \\$a  BK
=LAS  \\$aBATCH-CLA$b00$c20230924$lBLL01$h0649
=SID  \\$aZ39$bOCLC
=TCO  \\$aTRS$bCCC$c008

