=LDR  03671 am a22006133a 4500
=001  014522580
=003  Uk
=005  20080218080254.0
=007  cr\mn|||||||||
=008  080208s2008\\\\mau\\\\\\b\\\\000\0\eng\d
=035  \\$a(OCoLC)191884993
=040  \\$aUk$beng$cUk$dUk
=043  \\$ae-fr---$an-us---
=100  1\$aSaffer, Henry.
=245  14$aThe effect of hours of work on social interaction /$cHenry Saffer, Karine Lamiraud.
=260  \\$aCambridge, Mass. :$bNational Bureau of Economic Research,$cc2008.
=300  \\$a25 p. ;$c22 cm.
=336  \\$atext$2rdacontent
=337  \\$acomputer$2rdamedia
=338  \\$aonline resource$2rdacarrier
=490  1\$aNBER working paper series ;$vno. 13743
=500  \\$a"January 2008."
=504  \\$aIncludes bibliographical references (p. 18-19).
=520  \\$aOver time, increases in hours of work per capita have created the intuitively plausible notion that there is less time available to pursue social interactions. The specific question addressed in this paper is the effect of hours of work on social interaction. This is a difficult empirical question since omitted factors could increase both hours of work and social interaction. The approach taken in this paper utilizes an exogenous decline in hours of work in France due to a new employment law. The results clearly show that the employment law reduced hours of work but there is no evidence that the extra hours went to increased social interactions. Although hours of work are not an important determinant of social interaction, human capital is found to be important. The effect of human capital, as measured by education and age, is positive for membership groups but negative for visiting relatives and friends. Also, contrary to expectations, there are no important differences in the determinants of social interaction by gender, marital status or parent status. Finally, a comparison between France and the US show that the response to human capital and other variables are much the same in both nations.
=530  \\$aAlso available in PDF from the NBER World Wide Web site (www.nber.org).
=540  \\$aBritish Library not licensed to copy$c0$5Uk
=650  \0$aSocial interaction$zFrance$xEconometric models.
=650  \0$aSocial interaction$zUnited States$xEconometric models.
=650  \0$aHuman capital$xSocial aspects.
=650  \0$aHours of labor$xSocial aspects.
=700  1\$aLamiraud, Karine.
=710  2\$aNational Bureau of Economic Research.
=830  \0$aWorking paper series (National Bureau of Economic Research) ;$vworking paper no. 13743.
=852  41$aBritish Library$bDSC$j6067.719500$ino. 13743
=856  41$uhttp://www.nber.org/papers/W13743
=ACF  \\$aBritish Library not licensed to copy$c0$e01-oct-2013$hC$iCFP Excluded$5Uk
=CAT  \\$a10775$b40$c20080218$lBLL01$h0802
=CAT  \\$aBATCH-CLA$b00$c20130527$lBLL01$h0130
=CAT  \\$aBATCH-CLA$b00$c20130630$lBLL01$h1630
=CAT  \\$aIPL-CLA$c20130701$lBLL01$h0119
=CAT  \\$aBATCH-CLA$b00$c20130702$lBLL01$h0202
=CAT  \\$aBATCH-CLA$b00$c20130929$lBLL01$h1619
=CAT  \\$aIPL-CLA$c20130930$lBLL01$h1758
=CAT  \\$aBATCH-CLA$b00$c20131202$lBLL01$h0332
=CAT  \\$aIPL-CLA$c20140101$lBLL01$h0050
=CAT  \\$aBATCH-CLA$b00$c20140327$lBLL01$h1829
=CAT  \\$aIPL-CLA$c20140331$lBLL01$h1634
=CFI  0\$aBritish Library not licensed to copy$c0$e01-apr-2014$hC$iCFP Excluded$5Uk
=CFI  2\$aBritish Library not licensed to copy$c0$e01-jan-2014$hC$iCFP Excluded$5Uk
=FIN  \\$aY$d20080218
=FMT  \\$a  BK
=LAS  \\$aIPL-CLA$b00$c20140331$lBLL01$h1634
=SID  \\$aZ39$bOCLC
=TCO  \\$aTRS$bCCC$c008

