=LDR  03101cam a22005897a 4500
=001  014526911
=003  Uk
=005  20230924064932.0
=007  cr\mn|||||||||
=008  080220s2008\\\\mau\\\\\\b\\\\000\0\eng\d
=035  \\$a(OCoLC)192140345
=040  \\$aGZM$cGZM$dUk
=100  1\$aKaestner, Robert.
=245  10$aEffects of weight on children's educational achievement /$cRobert Kaestner, Michael Grossman.
=260  \\$aCambridge, Mass. :$bNational Bureau of Economic Research,$cc2008.
=300  \\$a35 p. ;$c22 cm.
=336  \\$atext$2rdacontent
=337  \\$acomputer$2rdamedia
=338  \\$aonline resource$2rdacarrier
=490  1\$aNBER working paper series ;$vno. 13764
=500  \\$a"January 2008."
=504  \\$aIncludes bibliographical references (p. 25-27).
=520  \\$aIn this paper, we investigate the association between weight and children's educational achievement, as measured by scores on Peabody Individual Achievement Tests in math and reading, and grade attainment. Data for the study came from the 1979 cohort of the National Longitudinal Survey of Youth (NLSY), which contains a large, national sample of children between the ages of 5 and 12. We obtained estimates of the association between weight and achievement using several regression model specifications that controlled for a variety of observed characteristics of the child and his or her mother, and time-invariant characteristics of the child. Our results suggest that, in general, children who are overweight or obese have achievement test scores that are about the same as children with average weight.
=530  \\$aAlso available in PDF from the NBER World Wide Web site (www.nber.org).
=540  \\$aBritish Library not licensed to copy$c0$5Uk
=650  \0$aBody weight.
=650  \0$aAcademic achievement.
=700  1\$aGrossman, Michael,$d1942-
=710  2\$aNational Bureau of Economic Research.
=830  \0$aWorking paper series (National Bureau of Economic Research) ;$vworking paper no. 13764.
=852  41$aBritish Library$bDSC$j6067.719500$ino. 13764
=856  41$uhttp://www.nber.org/papers/W13764
=ACF  \\$aBritish Library not licensed to copy$c0$e01-oct-2013$hC$iCFP Excluded$5Uk
=CAT  \\$a10775$b40$c20080221$lBLL01$h1256
=CAT  \\$aBATCH-CLA$b00$c20130527$lBLL01$h0130
=CAT  \\$aBATCH-CLA$b00$c20130630$lBLL01$h1630
=CAT  \\$aIPL-CLA$c20130701$lBLL01$h0119
=CAT  \\$aBATCH-CLA$b00$c20130702$lBLL01$h0202
=CAT  \\$aBATCH-CLA$b00$c20130929$lBLL01$h1619
=CAT  \\$aIPL-CLA$c20130930$lBLL01$h1758
=CAT  \\$aBATCH-CLA$b00$c20131202$lBLL01$h0332
=CAT  \\$aIPL-CLA$c20140101$lBLL01$h0050
=CAT  \\$aBATCH-CLA$b00$c20140327$lBLL01$h1829
=CAT  \\$aIPL-CLA$c20140331$lBLL01$h1634
=CAT  \\$aW2308-1659$c20230923$lBLL01$h1119
=CAT  \\$aBATCH-CLA$b00$c20230924$lBLL01$h0649
=CFI  0\$aBritish Library not licensed to copy$c0$e01-apr-2014$hC$iCFP Excluded$5Uk
=FIN  \\$aY$d20080221
=FMT  \\$a  BK
=LAS  \\$aBATCH-CLA$b00$c20230924$lBLL01$h0649
=SID  \\$aZ39$bOCLC
=TCO  \\$aTRS$bCCC$c008

