=LDR  03197cam a22006137a 4500
=001  014534368
=003  Uk
=005  20230924064932.0
=007  cr\mn|||||||||
=008  080228s2008\\\\mau\\\\\\b\\\\000\0\eng\d
=035  \\$a(OCoLC)212382087
=040  \\$aGZM$cGZM
=043  \\$ae-uk---
=100  1\$aRichardson, Gary,$d1966-
=245  10$aInstitutional adaptability and economic development :$bthe property rights revolution in Britain, 1700 to 1830 /$cGary Richardson, Dan Bogart.
=260  \\$aCambridge, Mass. :$bNational Bureau of Economic Research,$cc2008.
=300  \\$a49 p. ;$c22 cm.
=336  \\$atext$2rdacontent
=337  \\$acomputer$2rdamedia
=338  \\$aonline resource$2rdacarrier
=490  1\$aNBER working paper series ;$vno. 13757
=500  \\$a"January 2008"
=504  \\$aIncludes bibliographical references (p. 46-49).
=520  \\$aAdaptable property-rights institutions, we argue, foster economic development. The British example illustrates this point. Around 1700, Parliament established a forum where rights to land and resources could be reorganized. This venue enabled landholders and communities to take advantage of economic opportunities that could not be accommodated by the inflexible rights regime inherited from the past. In this essay, historical evidence, archival data, and statistical analysis demonstrate that Parliament increased the number of acts reorganizing property rights in response to increases in the public's demand for such acts. This evidence corroborates a cornerstone of our hypothesis.
=530  \\$aAlso available in PDF from the NBER World Wide Web site (www.nber.org).
=540  \\$aBritish Library not licensed to copy$c0$5Uk
=650  \0$aRight of property$zGreat Britain$xHistory$y18th century.
=650  \0$aRight of property$zGreat Britain$xHistory$y19th century.
=650  \0$aRight of property$xEconomic aspects.
=650  \0$aEconomic development.
=700  1\$aBogart, Daniel B.,$d1960-
=710  2\$aNational Bureau of Economic Research.
=830  \0$aWorking paper series (National Bureau of Economic Research) ;$vworking paper no. 13757.
=852  41$aBritish Library$bDSC$j6067.719500$ino. 13757
=856  41$uhttp://www.nber.org/papers/W13757
=ACF  \\$aBritish Library not licensed to copy$c0$e01-oct-2013$hC$iCFP Excluded$5Uk
=CAT  \\$a8411$b40$c20080229$lBLL01$h1546
=CAT  \\$aBATCH-CLA$b00$c20130527$lBLL01$h0130
=CAT  \\$aBATCH-CLA$b00$c20130630$lBLL01$h1630
=CAT  \\$aIPL-CLA$c20130701$lBLL01$h0119
=CAT  \\$aBATCH-CLA$b00$c20130702$lBLL01$h0202
=CAT  \\$aBATCH-CLA$b00$c20130929$lBLL01$h1619
=CAT  \\$aIPL-CLA$c20130930$lBLL01$h1758
=CAT  \\$aBATCH-CLA$b00$c20131202$lBLL01$h0332
=CAT  \\$aIPL-CLA$c20140101$lBLL01$h0050
=CAT  \\$aBATCH-CLA$b00$c20140327$lBLL01$h1829
=CAT  \\$aIPL-CLA$c20140331$lBLL01$h1634
=CAT  \\$aW2308-1659$c20230923$lBLL01$h1119
=CAT  \\$aBATCH-CLA$b00$c20230924$lBLL01$h0649
=CFI  0\$aBritish Library not licensed to copy$c0$e01-apr-2014$hC$iCFP Excluded$5Uk
=FMT  \\$a  BK
=LAS  \\$aBATCH-CLA$b00$c20230924$lBLL01$h0649
=SID  \\$aZ39$bOCLC
=TCO  \\$aTRS$bCCC$c008

