=LDR  03062cam a22005897a 4500
=001  014534374
=003  Uk
=005  20230924064932.0
=007  cr\mn|||||||||
=008  080220s2008\\\\mau\\\\\\b\\\\000\0\eng\d
=035  \\$a(OCoLC)192140137
=040  \\$aGZM$cGZM
=043  \\$an-us---
=100  1\$aGruber, Jonathan.
=245  10$aCovering the uninsured in the U.S. /$cJonathan Gruber.
=260  \\$aCambridge, Mass. :$bNational Bureau of Economic Research,$cc2008.
=300  \\$a1 v. ;$c22 cm.
=336  \\$atext$2rdacontent
=337  \\$acomputer$2rdamedia
=338  \\$aonline resource$2rdacarrier
=490  1\$aNBER working paper series ;$vno. 13758
=500  \\$a"January 2008"
=504  \\$aIncludes bibliographical references.
=520  \\$aOne of the major social policy issues facing the U.S. in the first decade of the 21st century is the large number of Americans lacking health insurance. This article surveys the major economic issues around covering the uninsured. I review the facts on insurance coverage and the nature of the uninsured; focus on explanations for why the U.S. has such a large, and growing, uninsured population; and discuss why we should care if individuals are uninsured. I then focus on policy options to address the problem of the uninsured, beginning with a discussion of the key issues and available evidence, and then turning to estimates from a micro-simulation model of the impact of alternative interventions to increase insurance coverage.
=530  \\$aAlso available in PDF from the NBER World Wide Web site (www.nber.org).
=540  \\$aBritish Library not licensed to copy$c0$5Uk
=650  \0$aMedically uninsured persons$zUnited States.
=650  \0$aInsurance, Health$xEconomic aspects$zUnited States.
=650  \0$aInsurance, Health$xGovernment policy$zUnited States.
=710  2\$aNational Bureau of Economic Research.
=830  \0$aWorking paper series (National Bureau of Economic Research) ;$vworking paper no. 13758.
=852  41$aBritish Library$bDSC$j6067.719500$ino. 13758 (2008)
=856  41$uhttp://www.nber.org/papers/W13758
=ACF  \\$aBritish Library not licensed to copy$c0$e01-oct-2013$hC$iCFP Excluded$5Uk
=CAT  \\$a8411$b40$c20080229$lBLL01$h1550
=CAT  \\$aBATCH-CLA$b00$c20130527$lBLL01$h0130
=CAT  \\$aBATCH-CLA$b00$c20130630$lBLL01$h1630
=CAT  \\$aIPL-CLA$c20130701$lBLL01$h0119
=CAT  \\$aBATCH-CLA$b00$c20130702$lBLL01$h0202
=CAT  \\$aBATCH-CLA$b00$c20130929$lBLL01$h1619
=CAT  \\$aIPL-CLA$c20130930$lBLL01$h1758
=CAT  \\$aBATCH-CLA$b00$c20131202$lBLL01$h0332
=CAT  \\$aIPL-CLA$c20140101$lBLL01$h0050
=CAT  \\$aBATCH-CLA$b00$c20140327$lBLL01$h1829
=CAT  \\$aIPL-CLA$c20140331$lBLL01$h1634
=CAT  \\$aW2308-1659$c20230923$lBLL01$h1119
=CAT  \\$aBATCH-CLA$b00$c20230924$lBLL01$h0649
=CFI  0\$aBritish Library not licensed to copy$c0$e01-apr-2014$hC$iCFP Excluded$5Uk
=FMT  \\$a  BK
=LAS  \\$aBATCH-CLA$b00$c20230924$lBLL01$h0649
=SID  \\$aZ39$bOCLC
=TCO  \\$aTRS$bCCC$c008

