=LDR  03447cam a22006017a 4500
=001  014535894
=003  Uk
=005  20230924064933.0
=007  cr\mn|||||||||
=008  080303s2008\\\\maua\\\\\b\\\\000\0\eng\d
=035  \\$a(OCoLC)212624166
=040  \\$aGZM$cGZM$dUk
=043  \\$an-us---
=100  1\$aCook, Philip J.,$d1946-
=245  10$aAssessing urban crime and its control :$ban overview /$cPhilip J. Cook.
=260  \\$aCambridge, Mass. :$bNational Bureau of Economic Research,$cc2008.
=300  \\$a44 p. :$bill. ;$c22 cm.
=336  \\$atext$2rdacontent
=337  \\$acomputer$2rdamedia
=338  \\$aonline resource$2rdacarrier
=490  1\$aNBER working paper series ;$vno. 13781
=500  \\$a"February 2008".
=504  \\$aIncludes bibliographical references (p. 26-32).
=520  \\$aUrban crime rates in the United States fell markedly during the 1990s and remain at historically low levels. The statistical evidence presented here indicates that that decline, like the crime surge that preceded it, has been largely uncorrelated with changes in socioeconomic conditions across cities. The ups and downs of crime have a considerable effect on residential location and property values. The police represent the largest public expenditure in city-level crime control efforts, and they are increasingly held accountable for reducing crime rates. Indeed, there is considerable evidence that an increase in police expenditures does pay off in the form of lower crime rates. This is an incomplete story, however. Assessments of police effectiveness typically neglect the considerable role of private and community-level protection and control efforts, not to mention the vital importance of (uncompensated) private inputs into police investigations. In areas with endemically high violence rates, the reluctance of witnesses to cooperate remains a serious problem.
=530  \\$aAlso available in PDF from the NBER World Wide Web site (www.nber.org).
=540  \\$aBritish Library not licensed to copy$c0$5Uk
=650  \0$aCrime$xEconomic aspects$zUnited States.
=650  \0$aCrime prevention$xEconomic aspects$zUnited States.
=710  2\$aNational Bureau of Economic Research.
=830  \0$aWorking paper series (National Bureau of Economic Research) ;$vworking paper no. 13781.
=852  41$aBritish Library$bDSC$j6067.719500$ino.13781
=856  41$uhttp://www.nber.org/papers/W13781
=ACF  \\$aBritish Library not licensed to copy$c0$e01-oct-2013$hC$iCFP Excluded$5Uk
=CAT  \\$a9504$b40$c20080304$lBLL01$h1057
=CAT  \\$a11250$b40$c20080307$lBLL01$h0824
=CAT  \\$aBATCH-CLA$b00$c20130527$lBLL01$h0130
=CAT  \\$aBATCH-CLA$b00$c20130630$lBLL01$h1630
=CAT  \\$aIPL-CLA$c20130701$lBLL01$h0119
=CAT  \\$aBATCH-CLA$b00$c20130702$lBLL01$h0202
=CAT  \\$aBATCH-CLA$b00$c20130929$lBLL01$h1619
=CAT  \\$aIPL-CLA$c20130930$lBLL01$h1758
=CAT  \\$aBATCH-CLA$b00$c20131202$lBLL01$h0332
=CAT  \\$aIPL-CLA$c20140101$lBLL01$h0050
=CAT  \\$aBATCH-CLA$b00$c20140327$lBLL01$h1829
=CAT  \\$aIPL-CLA$c20140331$lBLL01$h1634
=CAT  \\$aW2308-1659$c20230923$lBLL01$h1119
=CAT  \\$aBATCH-CLA$b00$c20230924$lBLL01$h0649
=CFI  0\$aBritish Library not licensed to copy$c0$e01-apr-2014$hC$iCFP Excluded$5Uk
=FIN  \\$aY$d20080307
=FMT  \\$a  BK
=LAS  \\$aBATCH-CLA$b00$c20230924$lBLL01$h0649
=SID  \\$aZ39$bOCLC
=TCO  \\$aTRS$bCCC$c008

