=LDR  03138cam a22005897a 4500
=001  014535911
=003  Uk
=005  20230924064933.0
=007  cr\mn|||||||||
=008  080303s2008\\\\maua\\\\\b\\\\000\0\eng\d
=035  \\$a(OCoLC)212624434
=040  \\$aGZM$cGZM$dUk
=100  1\$aMurnane, Richard J.
=245  10$aEducating urban children /$cRichard J. Murnane.
=260  \\$aCambridge, Mass. :$bNational Bureau of Economic Research,$cc2008.
=300  \\$a43 p. :$bill. ;$c22 cm.
=336  \\$atext$2rdacontent
=337  \\$acomputer$2rdamedia
=338  \\$aonline resource$2rdacarrier
=490  1\$aNBER working paper series ;$vno. 13791
=500  \\$a"February 2008".
=504  \\$aIncludes bibliographical references (p. 38-41).
=520  \\$aFor a variety of reasons described in the paper, improving the performance of urban school districts is more difficult today than it was several decades ago. Yet economic and social changes make performance improvement especially important today. Two quite different bodies of research provide ideas for improving the performance of urban school districts. One group of studies, conducted primarily by scholars of organizational design, examines the effectiveness of particular district management strategies. The second, conducted primarily by economists, focuses on the need to improve incentives. Each body of research offers important insights. Each is somewhat insensitive to the importance of the insights offered by the other literature. A theme of this paper is that insights from both literatures are critical to improving urban school systems.
=530  \\$aAlso available in PDF from the NBER World Wide Web site (www.nber.org).
=540  \\$aBritish Library not licensed to copy$c0$5Uk
=650  \0$aUrban schools$xManagement.
=650  \0$aSchool improvement programs.
=710  2\$aNational Bureau of Economic Research.
=830  \0$aWorking paper series (National Bureau of Economic Research) ;$vworking paper no. 13791.
=852  41$aBritish Library$bDSC$j6067.719500$ino.13791
=856  41$uhttp://www.nber.org/papers/W13791
=ACF  \\$aBritish Library not licensed to copy$c0$e01-oct-2013$hC$iCFP Excluded$5Uk
=CAT  \\$a9504$b40$c20080304$lBLL01$h1108
=CAT  \\$a11250$b40$c20080312$lBLL01$h1338
=CAT  \\$aBATCH-CLA$b00$c20130527$lBLL01$h0130
=CAT  \\$aBATCH-CLA$b00$c20130630$lBLL01$h1630
=CAT  \\$aIPL-CLA$c20130701$lBLL01$h0119
=CAT  \\$aBATCH-CLA$b00$c20130702$lBLL01$h0202
=CAT  \\$aBATCH-CLA$b00$c20130929$lBLL01$h1619
=CAT  \\$aIPL-CLA$c20130930$lBLL01$h1758
=CAT  \\$aBATCH-CLA$b00$c20131202$lBLL01$h0332
=CAT  \\$aIPL-CLA$c20140101$lBLL01$h0050
=CAT  \\$aBATCH-CLA$b00$c20140327$lBLL01$h1829
=CAT  \\$aIPL-CLA$c20140331$lBLL01$h1634
=CAT  \\$aW2308-1659$c20230923$lBLL01$h1119
=CAT  \\$aBATCH-CLA$b00$c20230924$lBLL01$h0649
=CFI  0\$aBritish Library not licensed to copy$c0$e01-apr-2014$hC$iCFP Excluded$5Uk
=FIN  \\$aY$d20080312
=FMT  \\$a  BK
=LAS  \\$aBATCH-CLA$b00$c20230924$lBLL01$h0649
=SID  \\$aZ39$bOCLC
=TCO  \\$aTRS$bCCC$c008

