=LDR  03576cam a22006137a 4500
=001  014535918
=003  Uk
=005  20230924064933.0
=007  cr\mn|||||||||
=008  080303s2008\\\\maua\\\\\b\\\\000\0\eng\d
=035  \\$a(OCoLC)212625064
=040  \\$aGZM$cGZM$dUk
=042  \\$aukblsr
=245  00$aOil price movements and the global economy :$ba model-based assessment /$cSelim Elekdag ... [et al.].
=260  \\$aCambridge, Mass. :$bNational Bureau of Economic Research,$cc2008.
=300  \\$a47 p. :$bill. ;$c22 cm.
=336  \\$atext$2rdacontent
=337  \\$acomputer$2rdamedia
=338  \\$aonline resource$2rdacarrier
=490  1\$aNBER working paper series ;$vno. 13792
=500  \\$a"February 2008".
=504  \\$aIncludes bibliographical references (p. 15-16).
=520  \\$aWe develop a five-region version (Canada, a group of oil exporting countries, the United States, emerging Asia and Japan plus the euro area) of the Global Economy Model (GEM) encompassing production and trade of crude oil, and use it to study the international transmission mechanism of shocks that drive oil prices. In the presence of real adjustment costs that reduce the short- and medium-term responses of oil supply and demand, our simulations can account for large endogenous variations of oil prices with large effects on the terms of trade of oil-exporting versus oil-importing countries (in particular, emerging Asia), and result in significant wealth transfers between regions. This is especially true when we consider a sustained increase in productivity growth or a shift in production technology towards more capital- (and hence oil-) intensive goods in regions such as emerging Asia. In addition, we study the implications of higher taxes on gasoline that are used to reduce taxes on labor income, showing that such a policy could increase world productive capacity while being consistent with a reduction in oil consumption.
=530  \\$aAlso available in PDF from the NBER World Wide Web site (www.nber.org).
=540  \\$aBritish Library not licensed to copy$c0$5Uk
=650  \0$aPetroleum industry and trade$xEconometric models.
=650  \0$aPetroleum products$xPrices$xEconometric models.
=650  \0$aInternational trade.
=700  1\$aElekdag, Selim.
=710  2\$aNational Bureau of Economic Research.
=830  \0$aWorking paper series (National Bureau of Economic Research) ;$vworking paper no. 13792.
=852  41$aBritish Library$bDSC$j6067.719500$ino.13792
=856  41$uhttp://www.nber.org/papers/W13792
=ACF  \\$aBritish Library not licensed to copy$c0$e01-oct-2013$hC$iCFP Excluded$5Uk
=CAT  \\$a9504$b40$c20080304$lBLL01$h1110
=CAT  \\$a11250$b40$c20080312$lBLL01$h1336
=CAT  \\$aBATCH-CLA$b00$c20130527$lBLL01$h0130
=CAT  \\$aBATCH-CLA$b00$c20130630$lBLL01$h1630
=CAT  \\$aIPL-CLA$c20130701$lBLL01$h0119
=CAT  \\$aBATCH-CLA$b00$c20130702$lBLL01$h0202
=CAT  \\$aBATCH-CLA$b00$c20130929$lBLL01$h1619
=CAT  \\$aIPL-CLA$c20130930$lBLL01$h1758
=CAT  \\$aBATCH-CLA$b00$c20131202$lBLL01$h0332
=CAT  \\$aIPL-CLA$c20140101$lBLL01$h0050
=CAT  \\$aBATCH-CLA$b00$c20140327$lBLL01$h1829
=CAT  \\$aIPL-CLA$c20140331$lBLL01$h1634
=CAT  \\$aW2308-1659$c20230923$lBLL01$h1119
=CAT  \\$aBATCH-CLA$b00$c20230924$lBLL01$h0649
=CFI  0\$aBritish Library not licensed to copy$c0$e01-apr-2014$hC$iCFP Excluded$5Uk
=FIN  \\$aY$d20080312
=FMT  \\$a  BK
=LAS  \\$aBATCH-CLA$b00$c20230924$lBLL01$h0649
=SID  \\$aZ39$bOCLC
=TCO  \\$aTRS$bCCC$c008

