=LDR  03467cam a22006377a 4500
=001  014535936
=003  Uk
=005  20230924064933.0
=007  cr\mn|||||||||
=008  080303s2008\\\\maua\\\\\b\\\\000\0\eng\d
=035  \\$a(OCoLC)212625110
=040  \\$aGZM$cGZM$dUk
=042  \\$aukblsr
=100  1\$aRuebeck, Christopher S.
=245  10$aActing white or acting black :$bmixed-race adolescents' identity and behavior /$cChristopher Ruebeck, Susan Averett, Howard Bodenhorn.
=260  \\$aCambridge, Mass. :$bNational Bureau of Economic Research,$cc2008.
=300  \\$a28, [12] p. :$bill. ;$c22 cm.
=336  \\$atext$2rdacontent
=337  \\$acomputer$2rdamedia
=338  \\$aonline resource$2rdacarrier
=490  1\$aNBER working paper series ;$vno. 13793
=500  \\$a"February 2008".
=504  \\$aIncludes bibliographical references (p. 25-28).
=520  \\$aAlthough rates of interracial marriage are on the rise, we still know relatively little about the experiences of mixed-race adolescents. In this paper, we examine the identity and behavior of mixed-race (black and white) youth. We find that mixed-race youth adopt both types of behaviors -- those that can be empirically characterized as ₃black₄ and those that can be characterized as "white". When we combine both types of behavior, average mixed-race behavior is a combination that is neither white nor black, and the variance in mixed-race behavior is generally greater than the variance in behavior of monoracial adolescents, especially as compared to the black racial group. Adolescence is the time during which there is most pressure to establish an identity, and our results indicate that mixed-race youth are finding their own distinct identities, not necessarily "joining" either monoracial group, but in another sense joining both of them.
=530  \\$aAlso available in PDF from the NBER World Wide Web site (www.nber.org).
=540  \\$aBritish Library not licensed to copy$c0$5Uk
=650  \0$aRacially mixed children$xPsychology.
=650  \0$aAdolescent psychology.
=650  \0$aIdentity (Psychology)
=700  1\$aAverett, Susan.
=700  1\$aBodenhorn, Howard.
=710  2\$aNational Bureau of Economic Research.
=830  \0$aWorking paper series (National Bureau of Economic Research) ;$vworking paper no. 13793.
=852  41$aBritish Library$bDSC$j6067.719500$ino.13793
=856  41$uhttp://www.nber.org/papers/W13793
=ACF  \\$aBritish Library not licensed to copy$c0$e01-oct-2013$hC$iCFP Excluded$5Uk
=CAT  \\$a9504$b40$c20080304$lBLL01$h1119
=CAT  \\$a11250$b40$c20080312$lBLL01$h1335
=CAT  \\$aBATCH-CLA$b00$c20130527$lBLL01$h0130
=CAT  \\$aBATCH-CLA$b00$c20130630$lBLL01$h1630
=CAT  \\$aIPL-CLA$c20130701$lBLL01$h0119
=CAT  \\$aBATCH-CLA$b00$c20130702$lBLL01$h0202
=CAT  \\$aBATCH-CLA$b00$c20130929$lBLL01$h1619
=CAT  \\$aIPL-CLA$c20130930$lBLL01$h1758
=CAT  \\$aBATCH-CLA$b00$c20131202$lBLL01$h0332
=CAT  \\$aIPL-CLA$c20140101$lBLL01$h0050
=CAT  \\$aBATCH-CLA$b00$c20140327$lBLL01$h1829
=CAT  \\$aIPL-CLA$c20140331$lBLL01$h1634
=CAT  \\$aW2308-1659$c20230923$lBLL01$h1119
=CAT  \\$aBATCH-CLA$b00$c20230924$lBLL01$h0649
=CFI  0\$aBritish Library not licensed to copy$c0$e01-apr-2014$hC$iCFP Excluded$5Uk
=FIN  \\$aY$d20080312
=FMT  \\$a  BK
=LAS  \\$aBATCH-CLA$b00$c20230924$lBLL01$h0649
=SID  \\$aZ39$bOCLC
=TCO  \\$aTRS$bCCC$c008

