=LDR  02463cam a22006017a 4500
=001  014535946
=003  Uk
=005  20230924064933.0
=008  080303s2008\\\\maua\\\\\b\\\\000\0\eng\d
=035  \\$a(OCoLC)212625603
=040  \\$aGZM$cGZM$dUk
=100  1\$aBernheim, B. Douglas.
=245  10$aHow much value do real estate brokers add? :$ba case study /$cB. Douglas Bernheim, Jonathan Meer.
=260  \\$aCambridge, Mass. :$bNational Bureau of Economic Research,$cc2008.
=300  \\$a23 p. :$bill. ;$c22 cm.
=336  \\$atext$2rdacontent
=337  \\$aunmediated$2rdamedia
=338  \\$avolume$2rdacarrier
=490  1\$aNBER working paper series ;$vno. 13796
=504  \\$aIncludes bibliographical references (p. 16-17).
=530  \\$aAlso available in PDF from the NBER World Wide Web site (www.nber.org).
=540  \\$aBritish Library not licensed to copy$c0$5Uk
=650  \0$aReal estate agents$xEconomic aspects.
=700  1\$aMeer, Jonathan.
=710  2\$aNational Bureau of Economic Research.
=830  \0$aWorking paper series (National Bureau of Economic Research) ;$vworking paper no. 13796.
=852  41$aBritish Library$bDSC$j6067.719500$ino.13796
=856  41$uhttp://www.nber.org/papers/W13796
=ACF  \\$aBritish Library not licensed to copy$c0$e01-oct-2013$hC$iCFP Excluded$5Uk
=CAT  \\$a9504$b40$c20080304$lBLL01$h1122
=CAT  \\$a11009$b40$c20080312$lBLL01$h1432
=CAT  \\$aBATCH-CLA$b00$c20130527$lBLL01$h0130
=CAT  \\$aBATCH-CLA$b00$c20130630$lBLL01$h1630
=CAT  \\$aIPL-CLA$c20130701$lBLL01$h0119
=CAT  \\$aBATCH-CLA$b00$c20130702$lBLL01$h0202
=CAT  \\$aBATCH-CLA$b00$c20130929$lBLL01$h1619
=CAT  \\$aIPL-CLA$c20130930$lBLL01$h1758
=CAT  \\$aBATCH-CLA$b00$c20131202$lBLL01$h0332
=CAT  \\$aIPL-CLA$c20140101$lBLL01$h0050
=CAT  \\$aBATCH-CLA$b00$c20140327$lBLL01$h1829
=CAT  \\$aIPL-CLA$c20140331$lBLL01$h1634
=CAT  \\$aBATCH-UPD$b00$c20171208$lBLL01$h2031
=CAT  \\$aBATCH-CLA$b00$c20171209$lBLL01$h0119
=CAT  \\$aBATCH-UPD$b00$c20200430$lBLL01$h2029
=CAT  \\$aBATCH-CLA$b00$c20200501$lBLL01$h0103
=CAT  \\$aW2308-1659$c20230923$lBLL01$h1119
=CAT  \\$aBATCH-CLA$b00$c20230924$lBLL01$h0649
=CFI  0\$aBritish Library not licensed to copy$c0$e01-apr-2014$hC$iCFP Excluded$5Uk
=FIN  \\$aY$d20080312
=FMT  \\$a  BK
=LAS  \\$aBATCH-CLA$b00$c20230924$lBLL01$h0649
=SID  \\$aZ39$bOCLC
=TCO  \\$aTRS$bCCC$c008

