=LDR  03136cam a22005897a 4500
=001  014536016
=003  Uk
=005  20230924064933.0
=007  cr\mn|||||||||
=008  080229s2008\\\\maua\\\\\b\\\\000\0\eng\d
=035  \\$a(OCoLC)212409416
=040  \\$aGZM$cGZM$dUk
=245  00$aOn best-response bidding in GSP auctions /$cMatthew Cary ... [et al.].
=260  \\$aCambridge, Mass. :$bNational Bureau of Economic Research,$cc2008.
=300  \\$a18 p. :$bill. ;$c22 cm.
=336  \\$atext$2rdacontent
=337  \\$acomputer$2rdamedia
=338  \\$aonline resource$2rdacarrier
=490  1\$aNBER working paper series ;$vno. 13788
=500  \\$a"February 2008".
=504  \\$aIncludes bibliographical references (p. 15).
=520  \\$aHow should players bid in keyword auctions such as those used by Google, Yahoo! and MSN? We model ad auctions as a dynamic game of incomplete information, so we can study the convergence and robustness properties of various strategies. In particular, we consider best-response bidding strategies for a repeated auction on a single keyword, where in each round, each player chooses some optimal bid for the next round, assuming that the other players merely repeat their previous bids. We focus on a strategy we call Balanced Bidding (bb). If all players use the bb strategy, we show that bids converge to a bid vector that obtains in a complete information static model proposed by Edelman, Ostrovsky and Schwarz (2007). We prove that convergence occurs with probability 1, and we compute the expected time until convergence.
=530  \\$aAlso available in PDF from the NBER World Wide Web site (www.nber.org).
=540  \\$aBritish Library not licensed to copy$c0$5Uk
=650  \0$aInternet advertising$xPrices.
=650  \0$aAuctions$xEconometric models.
=700  1\$aCary, Matthew,$d1974-
=710  2\$aNational Bureau of Economic Research.
=830  \0$aWorking paper series (National Bureau of Economic Research) ;$vworking paper no. 13788.
=852  41$aBritish Library$bDSC$j6067.719500$ino.13788
=856  41$uhttp://www.nber.org/papers/W13788
=ACF  \\$aBritish Library not licensed to copy$c0$e01-oct-2013$hC$iCFP Excluded$5Uk
=CAT  \\$a9504$b40$c20080304$lBLL01$h1148
=CAT  \\$a11250$b40$c20080307$lBLL01$h0819
=CAT  \\$aBATCH-CLA$b00$c20130527$lBLL01$h0130
=CAT  \\$aBATCH-CLA$b00$c20130630$lBLL01$h1630
=CAT  \\$aIPL-CLA$c20130701$lBLL01$h0119
=CAT  \\$aBATCH-CLA$b00$c20130702$lBLL01$h0202
=CAT  \\$aBATCH-CLA$b00$c20130929$lBLL01$h1619
=CAT  \\$aIPL-CLA$c20130930$lBLL01$h1758
=CAT  \\$aBATCH-CLA$b00$c20131202$lBLL01$h0332
=CAT  \\$aIPL-CLA$c20140101$lBLL01$h0050
=CAT  \\$aBATCH-CLA$b00$c20140327$lBLL01$h1829
=CAT  \\$aIPL-CLA$c20140331$lBLL01$h1634
=CAT  \\$aW2308-1659$c20230923$lBLL01$h1119
=CAT  \\$aBATCH-CLA$b00$c20230924$lBLL01$h0649
=CFI  0\$aBritish Library not licensed to copy$c0$e01-apr-2014$hC$iCFP Excluded$5Uk
=FIN  \\$aY$d20080307
=FMT  \\$a  BK
=LAS  \\$aBATCH-CLA$b00$c20230924$lBLL01$h0649
=SID  \\$aZ39$bOCLC
=TCO  \\$aTRS$bCCC$c008

