=LDR  03152cam a22006257a 4500
=001  014536084
=003  Uk
=005  20230924064933.0
=007  cr\mn|||||||||
=008  080303s2008\\\\maua\\\\\b\\\\000\0\eng\d
=035  \\$a(OCoLC)212624227
=040  \\$aGZM$cGZM$dUk
=245  00$aDo hedge funds profit from mutual-fund distress? /$cJoseph Chen ... [et al.].
=260  \\$aCambridge, Mass. :$bNational Bureau of Economic Research,$cc2008.
=300  \\$a47 p. :$bill. ;$c22 cm.
=336  \\$atext$2rdacontent
=337  \\$acomputer$2rdamedia
=338  \\$aonline resource$2rdacarrier
=490  1\$aNBER working paper series ;$vno. 13786
=500  \\$a"February 2008".
=504  \\$aIncludes bibliographical references (p. 33-34).
=520  \\$aThis paper explores the question of whether hedge funds engage in front-running strategies that exploit the predictable trades of others. One potential opportunity for front-running arises when distressed mutual funds -- those suffering large outflows of assets under management -- are forced to sell stocks they own. We document two pieces of evidence that are consistent with hedge funds taking advantage of this opportunity. First, in the time series, the average returns of long/short equity hedge funds are significantly higher in those months when a larger fraction of the mutual-fund sector is in distress. Second, at the individual stock level, short interest rises in advance of sales by distressed mutual funds.
=530  \\$aAlso available in PDF from the NBER World Wide Web site (www.nber.org).
=540  \\$aBritish Library not licensed to copy$c0$5Uk
=650  \0$aHedge funds.
=650  \0$aMutual funds.
=650  \0$aRate of return.
=700  1\$aChen, Joseph$q(Joseph Si).
=710  2\$aNational Bureau of Economic Research.
=830  \0$aWorking paper series (National Bureau of Economic Research) ;$vworking paper no. 13786.
=852  41$aBritish Library$bDSC$j6067.719500$ino.13786
=856  41$uhttp://www.nber.org/papers/W13786
=ACF  \\$aBritish Library not licensed to copy$c0$e01-oct-2013$hC$iCFP Excluded$5Uk
=CAT  \\$a9504$b40$c20080304$lBLL01$h1228
=CAT  \\$a11250$b40$c20080307$lBLL01$h0823
=CAT  \\$aBATCH-CLA$b00$c20130527$lBLL01$h0130
=CAT  \\$aBATCH-CLA$b00$c20130630$lBLL01$h1630
=CAT  \\$aIPL-CLA$c20130701$lBLL01$h0119
=CAT  \\$aBATCH-CLA$b00$c20130702$lBLL01$h0202
=CAT  \\$aBATCH-CLA$b00$c20130929$lBLL01$h1619
=CAT  \\$aIPL-CLA$c20130930$lBLL01$h1758
=CAT  \\$aBATCH-CLA$b00$c20131202$lBLL01$h0332
=CAT  \\$aIPL-CLA$c20140101$lBLL01$h0050
=CAT  \\$aBATCH-CLA$b00$c20140327$lBLL01$h1829
=CAT  \\$aIPL-CLA$c20140331$lBLL01$h1634
=CAT  \\$aBATCH-UPD$b00$c20211217$lBLL01$h2059
=CAT  \\$aBATCH-CLA$b00$c20211218$lBLL01$h0139
=CAT  \\$aW2308-1659$c20230923$lBLL01$h1119
=CAT  \\$aBATCH-CLA$b00$c20230924$lBLL01$h0649
=CFI  0\$aBritish Library not licensed to copy$c0$e01-apr-2014$hC$iCFP Excluded$5Uk
=FIN  \\$aY$d20080307
=FMT  \\$a  BK
=LAS  \\$aBATCH-CLA$b00$c20230924$lBLL01$h0649
=SID  \\$aZ39$bOCLC
=TCO  \\$aTRS$bCCC$c008

