=LDR  03725cam a22006017a 4500
=001  014536089
=003  Uk
=005  20230924064933.0
=007  cr\mn|||||||||
=008  080229s2008\\\\mau\\\\\\b\\\\000\0\eng\d
=035  \\$a(OCoLC)212409269
=040  \\$aGZM$cGZM$dUk
=043  \\$an-us---
=245  00$a50,000 people a day :$bthe use of federally funded services for intimate partner violence /$cRadha Iyengar ... [et al.].
=246  3\$aFifty thousand people a day :$bthe use of federally funded services for intimate partner violence
=260  \\$aCambridge, Mass. :$bNational Bureau of Economic Research,$cc2008.
=300  \\$a20 p. ;$c22 cm.
=336  \\$atext$2rdacontent
=337  \\$acomputer$2rdamedia
=338  \\$aonline resource$2rdacarrier
=490  1\$aNBER working paper series ;$vno. 13785
=500  \\$a"February 2008".
=504  \\$aIncludes bibliographical references (p. 19-20).
=520  \\$aIntimate partner violence is a serious and preventable health problem affecting more than 30 million Americans each year. We use an innovative new research design to describe the frequency and correlates of emergency and crisis intervention services provided by domestic violence programs using safe, non-invasive collection methods. During the 24-hour survey period, 48,350 individuals used the services of primary purpose domestic violence programs, corresponding to a population rate of 16 per 100,000 people. Of these individuals, 14,518 required emergency shelter, 7,989 required transitional housing and 25,843 were provided with non-residential services. Seven times more individuals are served by domestic violence programs than are served in emergency rooms in the US on an average day. The results show unmet demand for services provided by domestic violence programs with 10 percent victims (5,183 requests) seeking services at a domestic violence provider unable to be served daily due to resource constraints. Although DV costs {dollar}5.8 billion annually, 70% of which is spent on medical costs, the government only spends {dollar}126 million annually. Thus greater funding of domestic violence programs is likely to be a cost-effective investment.
=530  \\$aAlso available in PDF from the NBER World Wide Web site (www.nber.org).
=540  \\$aBritish Library not licensed to copy$c0$5Uk
=650  \0$aVictims of family violence$xServices for$zUnited States.
=700  1\$aIyengar, Radha,$d1980-
=710  2\$aNational Bureau of Economic Research.
=830  \0$aWorking paper series (National Bureau of Economic Research) ;$vworking paper no. 13785.
=852  41$aBritish Library$bDSC$j6067.719500$ino.13785
=856  41$uhttp://www.nber.org/papers/W13785
=ACF  \\$aBritish Library not licensed to copy$c0$e01-oct-2013$hC$iCFP Excluded$5Uk
=CAT  \\$a9504$b40$c20080304$lBLL01$h1231
=CAT  \\$a11250$b40$c20080307$lBLL01$h0822
=CAT  \\$aBATCH-CLA$b00$c20130527$lBLL01$h0130
=CAT  \\$aBATCH-CLA$b00$c20130630$lBLL01$h1630
=CAT  \\$aIPL-CLA$c20130701$lBLL01$h0119
=CAT  \\$aBATCH-CLA$b00$c20130702$lBLL01$h0202
=CAT  \\$aBATCH-CLA$b00$c20130929$lBLL01$h1619
=CAT  \\$aIPL-CLA$c20130930$lBLL01$h1758
=CAT  \\$aBATCH-CLA$b00$c20131202$lBLL01$h0332
=CAT  \\$aIPL-CLA$c20140101$lBLL01$h0050
=CAT  \\$aBATCH-CLA$b00$c20140327$lBLL01$h1829
=CAT  \\$aIPL-CLA$c20140331$lBLL01$h1634
=CAT  \\$aW2308-1659$c20230923$lBLL01$h1119
=CAT  \\$aBATCH-CLA$b00$c20230924$lBLL01$h0649
=CFI  0\$aBritish Library not licensed to copy$c0$e01-apr-2014$hC$iCFP Excluded$5Uk
=FIN  \\$aY$d20080307
=FMT  \\$a  BK
=LAS  \\$aBATCH-CLA$b00$c20230924$lBLL01$h0649
=SID  \\$aZ39$bOCLC
=TCO  \\$aTRS$bCCC$c008

