=LDR  03245 am a22006017a 4500
=001  014544207
=003  Uk
=005  20080318082916.0
=007  cr\mn|||||||||
=008  080307s2008\\\\maua\\\\\b\\\\000\0\eng\d
=035  \\$a(OCoLC)213074752
=040  \\$aGZM$cGZM$dUk
=043  \\$an-us---
=100  1\$aElsby, Michael W. L.
=245  10$aMarginal jobs, heterogeneous firms, & unemployment flows /$cMichael W. L. Elsby, Ryan Michaels.
=260  \\$aCambridge, Mass. :$bNational Bureau of Economic Research,$cc2008.
=300  \\$a44 p. :$bill. ;$c22 cm.
=336  \\$atext$2rdacontent
=337  \\$acomputer$2rdamedia
=338  \\$aonline resource$2rdacarrier
=490  1\$aNBER working paper series ;$vno. 13777
=500  \\$a"February 2008".
=504  \\$aIncludes bibliographical references (p. 32-34).
=520  \\$aMuch recent research has sought to explain the cyclical amplitude of unemployment fluctuations in the US. This paper shows that amplification of the cyclical variation of unemployment can be obtained from adding two very simple features to an otherwise standard model of the aggregate labor market, namely downward sloped short run labor demand and endogenous job destruction. This generalized model is able to match more closely the cyclicality of both job finding and employment to unemployment flows observed in US data. Contrary to standard models, the model can generate amplification while maintaining realistic surplus to employment relationships. In addition, we uncover a novel source of amplification of cyclical shocks that is generated by the interaction of countercyclical unemployment inflows and job creation.
=530  \\$aAlso available in PDF from the NBER World Wide Web site (www.nber.org).
=540  \\$aBritish Library not licensed to copy$c0$5Uk
=650  \0$aUnemployment$zUnited States$xEconometric models.
=650  \0$aBusiness cycles$zUnited States$xEconometric models.
=700  1\$aMichaels, Ryan.
=710  2\$aNational Bureau of Economic Research.
=830  \0$aWorking paper series (National Bureau of Economic Research) ;$vworking paper no. 13777.
=852  41$aBritish Library$bDSC$j6067.719500$ino. 13777
=856  41$uhttp://www.nber.org/papers/W13777
=ACF  \\$aBritish Library not licensed to copy$c0$e01-oct-2013$hC$iCFP Excluded$5Uk
=CAT  \\$a7233$b40$c20080312$lBLL01$h1329
=CAT  \\$a11250$b40$c20080318$lBLL01$h0829
=CAT  \\$aBATCH-CLA$b00$c20130527$lBLL01$h0130
=CAT  \\$aBATCH-CLA$b00$c20130630$lBLL01$h1630
=CAT  \\$aIPL-CLA$c20130701$lBLL01$h0119
=CAT  \\$aBATCH-CLA$b00$c20130702$lBLL01$h0202
=CAT  \\$aBATCH-CLA$b00$c20130929$lBLL01$h1619
=CAT  \\$aIPL-CLA$c20130930$lBLL01$h1758
=CAT  \\$aBATCH-CLA$b00$c20131202$lBLL01$h0332
=CAT  \\$aIPL-CLA$c20140101$lBLL01$h0051
=CAT  \\$aBATCH-CLA$b00$c20140327$lBLL01$h1829
=CAT  \\$aIPL-CLA$c20140331$lBLL01$h1634
=CFI  0\$aBritish Library not licensed to copy$c0$e01-apr-2014$hC$iCFP Excluded$5Uk
=CFI  2\$aBritish Library not licensed to copy$c0$e01-jan-2014$hC$iCFP Excluded$5Uk
=FIN  \\$aY$d20080318
=FMT  \\$a  BK
=LAS  \\$aIPL-CLA$b00$c20140331$lBLL01$h1634
=SID  \\$aZ39$bOCLC
=TCO  \\$aTRS$bCCC$c008

