=LDR  03445cam a2200601 a 4500
=001  014544226
=003  Uk
=005  20230924064933.0
=007  cr\mn|||||||||
=008  080229s2008\\\\maua\\\\\b\\\\000\0\eng\d
=035  \\$a(OCoLC)212413525
=040  \\$aUPM$cUPM$dGZM$dUk
=042  \\$aukblderived
=050  14$aHB1$b.W654 no. 13779
=100  1\$aCaballero, Ricardo J.
=245  10$aInflating the beast :$bpolitical incentives under uncertainty /$cRicardo J. Caballero, Pierre Yared.
=260  \\$aCambridge, Mass. :$bNational Bureau of Economic Research,$cc2008.
=300  \\$a39 p. :$bill. ;$c22 cm.
=336  \\$atext$2rdacontent
=337  \\$acomputer$2rdamedia
=338  \\$aonline resource$2rdacarrier
=490  1\$aBER working paper series ;$vworking paper 13779
=500  \\$a"February 2008."
=504  \\$aIncludes bibliographical references (p. 38-39).
=520  \\$aHigh commodity prices and a sustained global expansion have brought about a new policy dilemma for many economies: Why are governments accumulating so much wealth and what should be the fiscal response to this abundance? In this paper we characterize how politicians' rent-seeking incentives and their interaction with political and economic uncertainty affect the management of abundance. In the standard political economy model of debt, the presence of political risk leads current governments to over-borrow in order to starve the beast. However, when economic risk is significant, we show that the presence of rent-seeking politicians gives rise to an option value of rent-seeking. In this case, if economic risk is large relative to political risk, the standard result is overturned and politicians have an incentive to over-save or inflate the beast. In the latter scenario, the government also hedges less than is socially optimal. Finally, we show that incentive compatible rules that weaken political risk and the option value of rent-seeking can improve social welfare.
=530  \\$aAlso available in PDF from the NBER World Wide Web site (www.nber.org).
=540  \\$aBritish Library not licensed to copy$c0$5Uk
=650  \0$aFinance, Public$xPolitical aspects.
=700  1\$aYared, Pierre.
=710  2\$aNational Bureau of Economic Research.
=830  \0$aWorking paper series (National Bureau of Economic Research) ;$vworking paper no. 13779.
=852  41$aBritish Library$bDSC$j6067.719500$ino. 13779
=856  41$uhttp://www.nber.org/papers/W13779
=ACF  \\$aBritish Library not licensed to copy$c0$e01-oct-2013$hC$iCFP Excluded$5Uk
=CAT  \\$a7233$b40$c20080312$lBLL01$h1338
=CAT  \\$aBATCH-CLA$b00$c20130527$lBLL01$h0130
=CAT  \\$aBATCH-CLA$b00$c20130630$lBLL01$h1630
=CAT  \\$aIPL-CLA$c20130701$lBLL01$h0119
=CAT  \\$aBATCH-CLA$b00$c20130702$lBLL01$h0202
=CAT  \\$aBATCH-CLA$b00$c20130929$lBLL01$h1619
=CAT  \\$aIPL-CLA$c20130930$lBLL01$h1758
=CAT  \\$aBATCH-CLA$b00$c20131202$lBLL01$h0332
=CAT  \\$aIPL-CLA$c20140101$lBLL01$h0051
=CAT  \\$aBATCH-CLA$b00$c20140327$lBLL01$h1829
=CAT  \\$aIPL-CLA$c20140331$lBLL01$h1634
=CAT  \\$aW2308-1659$c20230923$lBLL01$h1120
=CAT  \\$aBATCH-CLA$b00$c20230924$lBLL01$h0649
=CFI  0\$aBritish Library not licensed to copy$c0$e01-apr-2014$hC$iCFP Excluded$5Uk
=FIN  \\$aY$d20080312
=FMT  \\$a  BK
=LAS  \\$aBATCH-CLA$b00$c20230924$lBLL01$h0649
=SID  \\$aZ39$bOCLC
=TCO  \\$aTRS$bCCC$c008

