=LDR  03424 am a22006017a 4500
=001  014544368
=003  Uk
=005  20080317093751.0
=007  cr\mn|||||||||
=008  080303s2008\\\\mau\\\\\\b\\\\000\0\eng\d
=035  \\$a(OCoLC)212625546
=040  \\$aGZM$cGZM$dUk
=100  1\$aCorsetti, Giancarlo.
=245  10$aVarieties and the transfer problem :$bthe extensive margin of current account adjustment /$cGiancarlo Corsetti, Philippe Martin, Paolo Pesenti.
=260  \\$aCambridge, Mass. :$bNational Bureau of Economic Research,$cc2008.
=300  \\$a26 p. ;$c22 cm.
=336  \\$atext$2rdacontent
=337  \\$acomputer$2rdamedia
=338  \\$aonline resource$2rdacarrier
=490  1\$aNBER working paper series ;$vno. 13795
=500  \\$a"February 2008".
=504  \\$aIncludes bibliographical references (p. 23-26).
=520  \\$aMost analyses of the macroeconomic adjustment required to correct global imbalances ignore net exports of new varieties of goods and services and do not account for firms' entry in the product market. In this paper we revisit the macroeconomics of trade adjustment in the context of the classic 'transfer problem,' using a model where the set of exportables, importables and nontraded goods is endogenous. We show that exchange rate movements associated with adjustment are dramatically lower when the above features are accounted for, relative to traditional macromodels. We also find that, for reasonable parameterizations, consumption and employment (hence welfare) are not highly sensitive to product differentiation, and change little regardless of whether adjustment occurs through movements in relative prices or quantities. This result warns against interpreting the size of real depreciation associated with trade rebalancing as an index of macroeconomic distress.
=530  \\$aAlso available in PDF from the NBER World Wide Web site (www.nber.org).
=540  \\$aBritish Library not licensed to copy$c0$5Uk
=650  \0$aBalance of trade$xEconometric models.
=650  \0$aCommercial policy$xEconometric models.
=700  1\$aMartin, Philippe J.
=700  1\$aPesenti, Paolo A.
=710  2\$aNational Bureau of Economic Research.
=830  \0$aWorking paper series (National Bureau of Economic Research) ;$vworking paper no. 13795.
=852  41$aBritish Library$bDSC$j6067.719500$ino. 13795
=856  41$uhttp://www.nber.org/papers/W13795
=ACF  \\$aBritish Library not licensed to copy$c0$e01-oct-2013$hC$iCFP Excluded$5Uk
=CAT  \\$a7233$b40$c20080312$lBLL01$h1507
=CAT  \\$a11250$b40$c20080317$lBLL01$h0937
=CAT  \\$aBATCH-CLA$b00$c20130527$lBLL01$h0131
=CAT  \\$aBATCH-CLA$b00$c20130630$lBLL01$h1630
=CAT  \\$aIPL-CLA$c20130701$lBLL01$h0119
=CAT  \\$aBATCH-CLA$b00$c20130702$lBLL01$h0202
=CAT  \\$aBATCH-CLA$b00$c20130929$lBLL01$h1619
=CAT  \\$aIPL-CLA$c20130930$lBLL01$h1758
=CAT  \\$aBATCH-CLA$b00$c20131202$lBLL01$h0332
=CAT  \\$aIPL-CLA$c20140101$lBLL01$h0051
=CAT  \\$aBATCH-CLA$b00$c20140327$lBLL01$h1829
=CAT  \\$aIPL-CLA$c20140331$lBLL01$h1634
=CFI  0\$aBritish Library not licensed to copy$c0$e01-apr-2014$hC$iCFP Excluded$5Uk
=CFI  2\$aBritish Library not licensed to copy$c0$e01-jan-2014$hC$iCFP Excluded$5Uk
=FIN  \\$aY$d20080317
=FMT  \\$a  BK
=LAS  \\$aIPL-CLA$b00$c20140331$lBLL01$h1634
=SID  \\$aZ39$bOCLC
=TCO  \\$aTRS$bCCC$c008

