=LDR  02326 am a22005537a 4500
=001  014562801
=003  Uk
=005  20080319143335.0
=008  080303s2008\\\\maua\\\\\b\\\\000\0\eng\d
=035  \\$a(OCoLC)212626368
=040  \\$aGZM$cGZM$dUk
=100  1\$aDynarski, Susan M.
=245  10$aComplexity and targeting in federal student aid :$ba quantitative analysis /$cSusan Dynarski, Judith E. Scott-Clayton.
=260  \\$aCambridge, Mass. :$bNational Bureau of Economic Research,$c2008.
=300  \\$a44 p. :$bill. ;$c22 cm.
=336  \\$atext$2rdacontent
=337  \\$aunmediated$2rdamedia
=338  \\$avolume$2rdacarrier
=490  1\$aNBER working paper series ;$vno. 13801
=504  \\$aIncludes bibliographical references (p. 32-36).
=530  \\$aAlso available in PDF from the NBER World Wide Web site (www.nber.org).
=540  \\$aBritish Library not licensed to copy$c0$5Uk
=650  \0$aStudent aid$zUnited States.
=700  1\$aScott-Clayton, Judith E.$q(Judith Elvira).
=710  2\$aNational Bureau of Economic Research.
=830  \0$aWorking paper series (National Bureau of Economic Research) ;$vworking paper no. 13801.
=852  41$aBritish Library$bDSC$j6067.719500$ino. 13801
=856  41$uhttp://www.nber.org/papers/W13801
=ACF  \\$aBritish Library not licensed to copy$c0$e01-oct-2013$hC$iCFP Excluded$5Uk
=CAT  \\$a7233$b40$c20080313$lBLL01$h0941
=CAT  \\$a11009$b40$c20080319$lBLL01$h1433
=CAT  \\$aBATCH-CLA$b00$c20130527$lBLL01$h0131
=CAT  \\$aBATCH-CLA$b00$c20130630$lBLL01$h1630
=CAT  \\$aIPL-CLA$c20130701$lBLL01$h0120
=CAT  \\$aBATCH-CLA$b00$c20130702$lBLL01$h0202
=CAT  \\$aBATCH-CLA$b00$c20130929$lBLL01$h1619
=CAT  \\$aIPL-CLA$c20130930$lBLL01$h1758
=CAT  \\$aBATCH-CLA$b00$c20131202$lBLL01$h0332
=CAT  \\$aIPL-CLA$c20140101$lBLL01$h0051
=CAT  \\$aBATCH-CLA$b00$c20140327$lBLL01$h1829
=CAT  \\$aIPL-CLA$c20140331$lBLL01$h1634
=CAT  \\$aBATCH-UPD$b00$c20180419$lBLL01$h1627
=CFI  0\$aBritish Library not licensed to copy$c0$e01-apr-2014$hC$iCFP Excluded$5Uk
=CFI  2\$aBritish Library not licensed to copy$c0$e01-jan-2014$hC$iCFP Excluded$5Uk
=FIN  \\$aY$d20080319
=FMT  \\$a  BK
=LAS  \\$aBATCH-UPD$b00$c20180419$lBLL01$h1627
=SID  \\$aZ39$bOCLC
=TCO  \\$aTRS$bCCC$c008

