=LDR  02553 am a22006017a 4500
=001  014563546
=003  Uk
=005  20080320111520.0
=008  080303s2008\\\\maua\\\\\b\\\\000\0\eng\d
=035  \\$a(OCoLC)212626499
=040  \\$aGZM$beng$cGZM$dUk
=100  1\$aPástor, Luboš.
=245  10$aPredictive systems :$bliving with imperfect predictors /$cLubos Pastor, Robert F. Stambaugh.
=260  \\$aCambridge, Mass. :$bNational Bureau of Economic Research,$cc2008.
=300  \\$a57 p. :$bill. ;$c22 cm.
=336  \\$atext$2rdacontent
=337  \\$aunmediated$2rdamedia
=338  \\$avolume$2rdacarrier
=490  1\$aWorking paper series (National Center for Education Statistics) ;$vworking paper no. 13804
=500  \\$a"February 2008."
=504  \\$aIncludes bibliographical references (p. 54-57).
=530  \\$aAlso available in PDF from the NBER World Wide Web site (www.nber.org).
=540  \\$aBritish Library not licensed to copy$c0$5Uk
=650  \0$aRate of return$xForecasting$xEconometric models.
=700  1\$aStambaugh, Robert F.,$d1952-
=710  2\$aNational Bureau of Economic Research.
=830  \0$aWorking paper series (National Center for Education Statistics) ;$vworking paper no. 13804.
=852  41$aBritish Library$bDSC$j6067.719500$ino. 13804
=856  41$uhttp://www.nber.org/papers/W13804
=ACF  \\$aBritish Library not licensed to copy$c0$e01-oct-2013$hC$iCFP Excluded$5Uk
=CAT  \\$a7233$b40$c20080313$lBLL01$h1509
=CAT  \\$a11070$b40$c20080320$lBLL01$h1115
=CAT  \\$aBATCH-UPD$b40$c20090310$lBLL01$h0129
=CAT  \\$aBATCH$b00$c20091217$lBLL01$h0522
=CAT  \\$aBATCH$b00$c20100103$lBLL01$h1314
=CAT  \\$aBATCH-CLA$b00$c20130527$lBLL01$h0131
=CAT  \\$aBATCH-CLA$b00$c20130630$lBLL01$h1630
=CAT  \\$aIPL-CLA$c20130701$lBLL01$h0120
=CAT  \\$aBATCH-CLA$b00$c20130702$lBLL01$h0202
=CAT  \\$aBATCH-CLA$b00$c20130929$lBLL01$h1619
=CAT  \\$aIPL-CLA$c20130930$lBLL01$h1758
=CAT  \\$aBATCH-CLA$b00$c20131202$lBLL01$h0332
=CAT  \\$aIPL-CLA$c20140101$lBLL01$h0051
=CAT  \\$aBATCH-CLA$b00$c20140327$lBLL01$h1829
=CAT  \\$aIPL-CLA$c20140331$lBLL01$h1634
=CAT  \\$aBATCH-UPD$b00$c20180812$lBLL01$h2103
=CFI  0\$aBritish Library not licensed to copy$c0$e01-apr-2014$hC$iCFP Excluded$5Uk
=CFI  2\$aBritish Library not licensed to copy$c0$e01-jan-2014$hC$iCFP Excluded$5Uk
=FIN  \\$aY$d20080320
=FMT  \\$a  BK
=LAS  \\$aBATCH-UPD$b00$c20180812$lBLL01$h2103
=SID  \\$aZ39$bOCLC
=TCO  \\$aTRS$bCCC$c008

