=LDR  03858 am a22006017a 4500
=001  014563558
=003  Uk
=005  20080318082816.0
=007  cr\mn|||||||||
=008  080303s2008\\\\mau\\\\\\b\\\\000\0\eng\d
=035  \\$a(OCoLC)212626840
=040  \\$aGZM$cGZM$dGZM$dUk
=100  1\$aFarhi, Emmanuel.
=245  10$aRare disasters and exchange rates /$cEmmanuel Farhi, Xavier Gabaix.
=260  \\$aCambridge, Mass. :$bNational Bureau of Economic Research,$cc2008.
=300  \\$a46 p. ;$c22 cm.
=336  \\$atext$2rdacontent
=337  \\$acomputer$2rdamedia
=338  \\$aonline resource$2rdacarrier
=490  1\$aNBER working paper series ;$vno. 13805
=500  \\$a"February 2008".
=504  \\$aIncludes bibliographical references (p. 43-46).
=520  \\$aWe propose a new model of exchange rates, which yields a theory of the forward premium puzzle. Our explanation combines two ingredients: the possibility of rare economic disasters, and an asset view of the exchange rate. Our model is frictionless, has complete markets, and works for an arbitrary number of countries. In the model, rare worldwide disasters can occur and affect each country's productivity. Each country's exposure to disaster risk varies over time according to a mean-reverting process. Risky countries command high risk premia: they feature a depreciated exchange rate and a high interest rate. As their risk premium mean reverts, their exchange rate appreciates. Therefore, currencies of high interest rate countries appreciate on average. To make the notion of disaster risk more implementable, we show how options prices might in principle uncover latent disaster risk, and help forecast exchange rate movements. We then extend the framework to incorporate two factors: a disaster risk factor, and a business cycle factor. We calibrate the model and obtain quantitatively realistic values for the volatility of the exchange rate, the forward premium puzzle regression coefficients, and near-random walk exchange rate dynamics. Finally, we solve a model of stock markets across countries, which yields a series of predictions about the joint behavior of exchange rates, bonds, options and stocks across countries. The evidence from the options market appears to be supportive of the model.
=530  \\$aAlso available in PDF from the NBER World Wide Web site (www.nber.org).
=540  \\$aBritish Library not licensed to copy$c0$5Uk
=650  \0$aForeign exchange rates$xEconometric models.
=650  \0$aDisasters.
=650  \0$aRisk management.
=700  1\$aGabaix, Xavier.
=710  2\$aNational Bureau of Economic Research.
=830  \0$aWorking paper series (National Bureau of Economic Research) ;$vworking paper no. 13805.
=852  41$aBritish Library$bDSC$j6067.719500$ino. 13805
=856  41$uhttp://www.nber.org/papers/W13805
=ACF  \\$aBritish Library not licensed to copy$c0$e01-oct-2013$hC$iCFP Excluded$5Uk
=CAT  \\$a7233$b40$c20080313$lBLL01$h1519
=CAT  \\$a11250$b40$c20080318$lBLL01$h0828
=CAT  \\$aBATCH-CLA$b00$c20130527$lBLL01$h0131
=CAT  \\$aBATCH-CLA$b00$c20130630$lBLL01$h1630
=CAT  \\$aIPL-CLA$c20130701$lBLL01$h0120
=CAT  \\$aBATCH-CLA$b00$c20130702$lBLL01$h0202
=CAT  \\$aBATCH-CLA$b00$c20130929$lBLL01$h1619
=CAT  \\$aIPL-CLA$c20130930$lBLL01$h1758
=CAT  \\$aBATCH-CLA$b00$c20131202$lBLL01$h0332
=CAT  \\$aIPL-CLA$c20140101$lBLL01$h0051
=CAT  \\$aBATCH-CLA$b00$c20140327$lBLL01$h1829
=CAT  \\$aIPL-CLA$c20140331$lBLL01$h1634
=CFI  0\$aBritish Library not licensed to copy$c0$e01-apr-2014$hC$iCFP Excluded$5Uk
=CFI  2\$aBritish Library not licensed to copy$c0$e01-jan-2014$hC$iCFP Excluded$5Uk
=FIN  \\$aY$d20080318
=FMT  \\$a  BK
=LAS  \\$aIPL-CLA$b00$c20140331$lBLL01$h1634
=SID  \\$aZ39$bOCLC
=TCO  \\$aTRS$bCCC$c008

