=LDR  03148cam a22006017a 4500
=001  014564022
=003  Uk
=005  20211218013900.0
=007  cr\mn|||||||||
=008  080229s2008\\\\maua\\\\\b\\\\000\0\eng\d
=035  \\$a(OCoLC)212409727
=040  \\$aGZM$cGZM$dUk
=100  10$aDiebold, Francis X.,$d1959-
=245  10$aMeasuring financial asset return and volatility spillovers, with application to global equity markets /$cFrancis X. Diebold, Kamil Yilmaz.
=260  \\$aCambridge, Mass. :$bNational Bureau of Economic Research,$cc2008.
=300  \\$a18 p. :$bill. ;$c22 cm.
=336  \\$atext$2rdacontent
=337  \\$acomputer$2rdamedia
=338  \\$aonline resource$2rdacarrier
=490  1\$aNBER working paper series ;$vno. 13811
=500  \\$a"February 2008".
=504  \\$aIncludes bibliographical references (p. 9).
=520  \\$aWe provide a simple and intuitive measure of interdependence of asset returns and/or volatilities. In particular, we formulate and examine precise and separate measures of return spillovers and volatility spillovers. Our framework facilitates study of both non-crisis and crisis episodes, including trends and bursts in spillovers, and both turn out to be empirically important. In particular, in an analysis of nineteen global equity markets from the early 1990s to the present, we find striking evidence of divergent behavior in the dynamics of return spillovers vs. volatility spillovers: Return spillovers display a gently increasing trend but no bursts, whereas volatility spillovers display no trend but clear bursts.
=530  \\$aAlso available in PDF from the NBER World Wide Web site (www.nber.org).
=540  \\$aBritish Library not licensed to copy$c0$5Uk
=650  \0$aRate of return$xEconometric models.
=650  \0$aFinance$xEconometric models.
=700  1\$aYılmaz, Kamil.
=710  2\$aNational Bureau of Economic Research.
=830  \0$aWorking paper series (National Bureau of Economic Research) ;$vworking paper no. 13811.
=852  41$aBritish Library$bDSC$j6067.719500$ino. 13811
=856  41$uhttp://www.nber.org/papers/W13811
=ACF  \\$aBritish Library not licensed to copy$c0$e01-oct-2013$hC$iCFP Excluded$5Uk
=CAT  \\$a7233$b40$c20080314$lBLL01$h1044
=CAT  \\$a11250$b40$c20080317$lBLL01$h1602
=CAT  \\$aBATCH-CLA$b00$c20130527$lBLL01$h0131
=CAT  \\$aBATCH-CLA$b00$c20130630$lBLL01$h1630
=CAT  \\$aIPL-CLA$c20130701$lBLL01$h0120
=CAT  \\$aBATCH-CLA$b00$c20130702$lBLL01$h0202
=CAT  \\$aBATCH-CLA$b00$c20130929$lBLL01$h1619
=CAT  \\$aIPL-CLA$c20130930$lBLL01$h1758
=CAT  \\$aBATCH-CLA$b00$c20131202$lBLL01$h0332
=CAT  \\$aIPL-CLA$c20140101$lBLL01$h0051
=CAT  \\$aBATCH-CLA$b00$c20140327$lBLL01$h1829
=CAT  \\$aIPL-CLA$c20140331$lBLL01$h1634
=CAT  \\$aBATCH-UPD$b00$c20211217$lBLL01$h2100
=CAT  \\$aBATCH-CLA$b00$c20211218$lBLL01$h0139
=CFI  0\$aBritish Library not licensed to copy$c0$e01-apr-2014$hC$iCFP Excluded$5Uk
=FIN  \\$aY$d20080317
=FMT  \\$a  BK
=LAS  \\$aBATCH-CLA$b00$c20211218$lBLL01$h0139
=SID  \\$aZ39$bOCLC
=TCO  \\$aTRS$bCCC$c008

