=LDR  03311 am a22005777a 4500
=001  014564027
=003  Uk
=005  20080317160155.0
=007  cr\mn|||||||||
=008  080303s2008\\\\maua\\\\\b\\\\000\0\eng\d
=035  \\$a(OCoLC)212626945
=040  \\$aGZM$cGZM$dUk
=100  1\$aLustig, Hanno.
=245  10$aNote on the cross-section of foreign currency risk premia and consumption growth risk /$cHanno Lustig, Adrien Verdelhan.
=260  \\$aCambridge, Mass. :$bNational Bureau of Economic Research,$cc2008.
=300  \\$a25 p. :$bill. ;$c22 cm.
=336  \\$atext$2rdacontent
=337  \\$acomputer$2rdamedia
=338  \\$aonline resource$2rdacarrier
=490  1\$aNBER working paper series ;$vno. 13812
=500  \\$a"February 2008".
=504  \\$aIncludes bibliographical references (p. 21-22).
=520  \\$aWe find that the US consumption growth beta of an investment strategy that goes long in high interest rate currencies and short in low interest rate currencies is larger than one. These consumption beta estimates are statistically significant, contrary to what is claimed by Burnside (2007). With these consumption betas, the Consumption-CAPM can account for the average return on this investment strategy of 5.3 percent per annum with a market price of consumption growth risk that is about 5 percent per annum, lower than the price of consumption risk implied by the US equity premium over the same sample. When we formally estimate the model on currency portfolios in a two-step procedure, our estimate of the price of consumption risk is significantly different from zero, even after accounting for the sampling uncertainty introduced by the estimation of the consumption betas, while the constant in the regression of average returns on consumption betas is not significant.
=530  \\$aAlso available in PDF from the NBER World Wide Web site (www.nber.org).
=540  \\$aBritish Library not licensed to copy$c0$5Uk
=650  \0$aCapital assets pricing model.
=700  1\$aVerdelhan, Adrien.
=710  2\$aNational Bureau of Economic Research.
=830  \0$aWorking paper series (National Bureau of Economic Research) ;$vworking paper no. 13812.
=852  41$aBritish Library$bDSC$j6067.719500$ino. 13812
=856  41$uhttp://www.nber.org/papers/W13812
=ACF  \\$aBritish Library not licensed to copy$c0$e01-oct-2013$hC$iCFP Excluded$5Uk
=CAT  \\$a7233$b40$c20080314$lBLL01$h1047
=CAT  \\$a11250$b40$c20080317$lBLL01$h1601
=CAT  \\$aBATCH-CLA$b00$c20130527$lBLL01$h0131
=CAT  \\$aBATCH-CLA$b00$c20130630$lBLL01$h1630
=CAT  \\$aIPL-CLA$c20130701$lBLL01$h0120
=CAT  \\$aBATCH-CLA$b00$c20130702$lBLL01$h0202
=CAT  \\$aBATCH-CLA$b00$c20130929$lBLL01$h1619
=CAT  \\$aIPL-CLA$c20130930$lBLL01$h1758
=CAT  \\$aBATCH-CLA$b00$c20131202$lBLL01$h0332
=CAT  \\$aIPL-CLA$c20140101$lBLL01$h0051
=CAT  \\$aBATCH-CLA$b00$c20140327$lBLL01$h1829
=CAT  \\$aIPL-CLA$c20140331$lBLL01$h1634
=CFI  0\$aBritish Library not licensed to copy$c0$e01-apr-2014$hC$iCFP Excluded$5Uk
=CFI  2\$aBritish Library not licensed to copy$c0$e01-jan-2014$hC$iCFP Excluded$5Uk
=FIN  \\$aY$d20080317
=FMT  \\$a  BK
=LAS  \\$aIPL-CLA$b00$c20140331$lBLL01$h1634
=SID  \\$aZ39$bOCLC
=TCO  \\$aTRS$bCCC$c008

