=LDR  03692 am a22006017a 4500
=001  014564066
=003  Uk
=005  20080317154955.0
=007  cr\mn|||||||||
=008  080229s2008\\\\maua\\\\\b\\\\000\0\eng\d
=035  \\$a(OCoLC)212409865
=040  \\$aGZM$cGZM$dUk
=100  10$aEngel, Charles.
=245  10$aInternational trade in durable goods :$bunderstanding volatility, cyclicality, and elasticities /$cCharles Engel, Jian Wang.
=260  \\$aCambridge, Mass. :$bNational Bureau of Economic Research,$cc2008.
=300  \\$a53 p. :$bill. ;$c22 cm.
=336  \\$atext$2rdacontent
=337  \\$acomputer$2rdamedia
=338  \\$aonline resource$2rdacarrier
=490  1\$aNBER working paper series ;$vno. 13814
=500  \\$a"February 2008".
=504  \\$aIncludes bibliographical references (p. 26-29).
=520  \\$aData for OECD countries document: 1. imports and exports are about three times as volatile as GDP; 2. imports and exports are pro-cyclical, and positively correlated with each other; 3. net exports are counter-cyclical. Standard models fail to replicate the behavior of imports and exports, though they can match net exports relatively well. Inspired by the fact that a large fraction of international trade is in durable goods, we propose a two-country two-sector model, in which durable goods are traded across countries. Our model can match the business cycle statistics on the volatility and comovement of the imports and exports relatively well. In addition, the model with trade in durables helps to understand the empirical regularity noted in the trade literature: home and foreign goods are highly substitutable in the long run, but the short run elasticity of substitution is low. We note that durable consumption also has implications for the appropriate measures of consumption and prices to assess risk-sharing opportunities, as in the empirical work on the Backus-Smith puzzle. The fact that our model can match data better in multiple dimensions suggests that trade in durable goods may be an important element in open-economy macro models.
=530  \\$aAlso available in PDF from the NBER World Wide Web site (www.nber.org).
=540  \\$aBritish Library not licensed to copy$c0$5Uk
=650  \0$aInternational trade$xEconometric models.
=650  \0$aDurable goods, Consumer.
=700  1\$aWang, Jian.
=710  2\$aNational Bureau of Economic Research.
=830  \0$aWorking paper series (National Bureau of Economic Research) ;$vworking paper no. 13814.
=852  41$aBritish Library$bDSC$j6067.719500$ino. 13814
=856  41$uhttp://www.nber.org/papers/W13814
=ACF  \\$aBritish Library not licensed to copy$c0$e01-oct-2013$hC$iCFP Excluded$5Uk
=CAT  \\$a7233$b40$c20080314$lBLL01$h1121
=CAT  \\$a11250$b40$c20080317$lBLL01$h1549
=CAT  \\$aBATCH-CLA$b00$c20130527$lBLL01$h0131
=CAT  \\$aBATCH-CLA$b00$c20130630$lBLL01$h1630
=CAT  \\$aIPL-CLA$c20130701$lBLL01$h0120
=CAT  \\$aBATCH-CLA$b00$c20130702$lBLL01$h0202
=CAT  \\$aBATCH-CLA$b00$c20130929$lBLL01$h1619
=CAT  \\$aIPL-CLA$c20130930$lBLL01$h1758
=CAT  \\$aBATCH-CLA$b00$c20131202$lBLL01$h0332
=CAT  \\$aIPL-CLA$c20140101$lBLL01$h0051
=CAT  \\$aBATCH-CLA$b00$c20140327$lBLL01$h1829
=CAT  \\$aIPL-CLA$c20140331$lBLL01$h1634
=CAT  \\$aBATCH-UPD$b00$c20141221$lBLL01$h1011
=CFI  0\$aBritish Library not licensed to copy$c0$e01-apr-2014$hC$iCFP Excluded$5Uk
=CFI  2\$aBritish Library not licensed to copy$c0$e01-jan-2014$hC$iCFP Excluded$5Uk
=FIN  \\$aY$d20080317
=FMT  \\$a  BK
=LAS  \\$aBATCH-UPD$b00$c20141221$lBLL01$h1011
=SID  \\$aZ39$bOCLC
=TCO  \\$aTRS$bCCC$c008

