=LDR  03463 am a22006137a 4500
=001  014564130
=003  Uk
=005  20080317160701.0
=007  cr\mn|||||||||
=008  080229s2008\\\\maua\\\\\b\\\\000\0\eng\d
=035  \\$a(OCoLC)212410102
=040  \\$aGZM$cGZM$dUk
=100  1\$aNeumark, David.
=245  10$aDo small businesses create more jobs? :$bnew evidence from the National Establishment Time Series /$cDavid Neumark, Brandon Wall, Junfu Zhang.
=260  \\$aCambridge, Mass. :$bNational Bureau of Economic Research,$cc2008.
=300  \\$a24, [10] p. :$bill. ;$c22 cm.
=336  \\$atext$2rdacontent
=337  \\$acomputer$2rdamedia
=338  \\$aonline resource$2rdacarrier
=490  1\$aNBER working paper series ;$vno. 13818
=500  \\$a"February 2008".
=504  \\$aIncludes bibliographical references.
=520  \\$aWe use a new database, the National Establishment Time Series (NETS), to revisit the debate about the role of small businesses in job creation. Birch (e.g., 1987) argued that small firms are the most important source of job creation in the U.S. economy, but Davis et al. (1996a) argued that this conclusion was flawed, and based on improved methods and using data for the manufacturing sector they concluded that there was no relationship between establishment size and net job creation. Using the NETS data, we examine evidence for the overall economy, as well as for different sectors. The results indicate that small establishments and small firms create more jobs, on net, although the difference is much smaller than what is suggested by Birch's methods. However, the negative relationship between establishment size and job creation is much less clear for the manufacturing sector, which may explain some of the earlier findings contradicting Birch's conclusions.
=530  \\$aAlso available in PDF from the NBER World Wide Web site (www.nber.org).
=540  \\$aBritish Library not licensed to copy$c0$5Uk
=650  \0$aSmall business.
=650  \0$aJob creation$zUnited States$xEconometric models.
=650  \0$aManufacturing industries$xEconomic aspects.
=700  1\$aWall, Brandon.
=700  1\$aZhang, Junfu,$d1970-
=710  2\$aNational Bureau of Economic Research.
=830  \0$aWorking paper series (National Bureau of Economic Research) ;$vworking paper no. 13818.
=852  41$aBritish Library$bDSC$j6067.719500$ino. 13818
=856  41$uhttp://www.nber.org/papers/W13818
=ACF  \\$aBritish Library not licensed to copy$c0$e01-oct-2013$hC$iCFP Excluded$5Uk
=CAT  \\$a7233$b40$c20080314$lBLL01$h1201
=CAT  \\$a11250$b40$c20080317$lBLL01$h1607
=CAT  \\$aBATCH-CLA$b00$c20130527$lBLL01$h0131
=CAT  \\$aBATCH-CLA$b00$c20130630$lBLL01$h1630
=CAT  \\$aIPL-CLA$c20130701$lBLL01$h0120
=CAT  \\$aBATCH-CLA$b00$c20130702$lBLL01$h0202
=CAT  \\$aBATCH-CLA$b00$c20130929$lBLL01$h1619
=CAT  \\$aIPL-CLA$c20130930$lBLL01$h1758
=CAT  \\$aBATCH-CLA$b00$c20131202$lBLL01$h0332
=CAT  \\$aIPL-CLA$c20140101$lBLL01$h0051
=CAT  \\$aBATCH-CLA$b00$c20140327$lBLL01$h1829
=CAT  \\$aIPL-CLA$c20140331$lBLL01$h1634
=CFI  0\$aBritish Library not licensed to copy$c0$e01-apr-2014$hC$iCFP Excluded$5Uk
=CFI  2\$aBritish Library not licensed to copy$c0$e01-jan-2014$hC$iCFP Excluded$5Uk
=FIN  \\$aY$d20080317
=FMT  \\$a  BK
=LAS  \\$aIPL-CLA$b00$c20140331$lBLL01$h1634
=SID  \\$aZ39$bOCLC
=TCO  \\$aTRS$bCCC$c008

