=LDR  03150cam a22006017a 4500
=001  014573418
=003  Uk
=005  20230924064933.0
=007  cr\mn|||||||||
=008  080314s2008\\\\maua\\\\\b\\\\000\0\eng\d
=035  \\$a(OCoLC)213384865
=040  \\$aUPM$cUPM$dGZM$dUk
=042  \\$aukblderived
=050  14$aHB1$b.W654 no. 13827
=100  1\$aFang, Hanming.
=245  10$aToward an efficiency rationale for the public provision of private goods /$cHanming Fang, Peter Norman.
=260  \\$aCambridge, Mass. :$bNational Bureau of Economic Research,$cc2008.
=300  \\$a30 p. :$bill. ;$c22 cm.
=336  \\$atext$2rdacontent
=337  \\$acomputer$2rdamedia
=338  \\$aonline resource$2rdacarrier
=490  1\$aNBER working paper series ;$vworking paper 13827
=500  \\$a"February 2008."
=504  \\$aIncludes bibliographical references (p. 28-30).
=520  \\$aThis paper shows that public provision of private goods may be justified on pure efficiency grounds in an environment where individuals consume both public and private goods. The government's involvement in the provision of private goods provides it with information about individuals' private good purchases that facilitates more efficient revenue extraction for the provision of public goods. We show that public provision of the private good improves economic efficiency under a condition that is always fulfilled under stochastic independence and satisfied for an open set of joint distributions. Our model is an example where there is efficiency loss from separating revenue and expenditure problems in public finance, and is therefore of more general interest for the study of optimal taxation.
=530  \\$aAlso available in PDF from the NBER World Wide Web site (www.nber.org).
=540  \\$aBritish Library not licensed to copy$c0$5Uk
=650  \0$aFinance, Public.
=700  1\$aNorman, Peter,$d1966-
=710  2\$aNational Bureau of Economic Research.
=830  \0$aWorking paper series (National Bureau of Economic Research) ;$vworking paper no. 13827.
=852  41$aBritish Library$bDSC$j6067.719500$ino.13827
=856  41$uhttp://www.nber.org/papers/W13827
=ACF  \\$aBritish Library not licensed to copy$c0$e01-oct-2013$hC$iCFP Excluded$5Uk
=CAT  \\$a9504$b40$c20080331$lBLL01$h1546
=CAT  \\$aBATCH-CLA$b00$c20130527$lBLL01$h0131
=CAT  \\$aBATCH-CLA$b00$c20130630$lBLL01$h1630
=CAT  \\$aIPL-CLA$c20130701$lBLL01$h0120
=CAT  \\$aBATCH-CLA$b00$c20130702$lBLL01$h0202
=CAT  \\$aBATCH-CLA$b00$c20130929$lBLL01$h1619
=CAT  \\$aIPL-CLA$c20130930$lBLL01$h1759
=CAT  \\$aBATCH-CLA$b00$c20131202$lBLL01$h0332
=CAT  \\$aIPL-CLA$c20140101$lBLL01$h0052
=CAT  \\$aBATCH-CLA$b00$c20140327$lBLL01$h1829
=CAT  \\$aIPL-CLA$c20140331$lBLL01$h1634
=CAT  \\$aW2308-1659$c20230923$lBLL01$h1121
=CAT  \\$aBATCH-CLA$b00$c20230924$lBLL01$h0649
=CFI  0\$aBritish Library not licensed to copy$c0$e01-apr-2014$hC$iCFP Excluded$5Uk
=FIN  \\$aY$d20080331
=FMT  \\$a  BK
=LAS  \\$aBATCH-CLA$b00$c20230924$lBLL01$h0649
=SID  \\$aZ39$bOCLC
=TCO  \\$aTRS$bCCC$c008

