=LDR  03226cam a22006017a 4500
=001  014573726
=003  Uk
=005  20230924064933.0
=007  cr\mn|||||||||
=008  080326s2008\\\\mau\\\\\\b\\\\000\0\eng\d
=035  \\$a(OCoLC)214091848
=040  \\$aGZM$cGZM$dGZM$dUk
=042  \\$aukblcatcopy
=100  1\$aChetty, Raj.
=245  10$aIs the taxable income elasticity sufficient to calculate deadweight loss? :$bthe implications of evasion and avoidance /$cRaj Chetty.
=260  \\$aCambridge, Mass. :$bNational Bureau of Economic Research,$cc2008.
=300  \\$a20 p. ;$c22 cm.
=336  \\$atext$2rdacontent
=337  \\$acomputer$2rdamedia
=338  \\$aonline resource$2rdacarrier
=490  1\$aNBER working paper series ;$vno. 13844
=500  \\$a"March 2008"
=504  \\$aIncludes bibliographical references (p. 16-17).
=520  \\$aSince Feldstein (1999), the most widely used method of calculating the excess burden of income taxation is to estimate the effect of tax rates on reported taxable income. This paper reevaluates the taxable income elasticity as a measure of excess burden when individuals can evade or avoid taxes. In many cases, part of the cost of evasion and avoidance reflects a transfer to another agent in the economy. I show that in such situations, excess burden depends on a weighted average of the taxable income and total earned income elasticities, with the weight determined by the marginal resource cost of sheltering income from taxation. This generalized formula implies that the efficiency cost of taxing high income individuals is not necessarily large despite evidence that their reported incomes are highly sensitive to tax rates.
=530  \\$aAlso available in PDF from the NBER World Wide Web site (www.nber.org).
=540  \\$aBritish Library not licensed to copy$c0$5Uk
=650  \0$aTax incidence$xEconometric models.
=650  \0$aTax evasion$xEconomic aspects.
=650  \0$aTax shelters$xEconomic aspects.
=710  2\$aNational Bureau of Economic Research.
=830  \0$aWorking paper series (National Bureau of Economic Research) ;$vworking paper no. 13844.
=852  41$aBritish Library$bDSC$j6067.719500$ino.13844
=856  41$uhttp://www.nber.org/papers/W13844
=ACF  \\$aBritish Library not licensed to copy$c0$e01-oct-2013$hC$iCFP Excluded$5Uk
=CAT  \\$a9504$b40$c20080401$lBLL01$h0852
=CAT  \\$aBATCH-CLA$b00$c20130527$lBLL01$h0131
=CAT  \\$aBATCH-CLA$b00$c20130630$lBLL01$h1630
=CAT  \\$aIPL-CLA$c20130701$lBLL01$h0120
=CAT  \\$aBATCH-CLA$b00$c20130702$lBLL01$h0202
=CAT  \\$aBATCH-CLA$b00$c20130929$lBLL01$h1619
=CAT  \\$aIPL-CLA$c20130930$lBLL01$h1759
=CAT  \\$aBATCH-CLA$b00$c20131202$lBLL01$h0332
=CAT  \\$aIPL-CLA$c20140101$lBLL01$h0052
=CAT  \\$aBATCH-CLA$b00$c20140327$lBLL01$h1829
=CAT  \\$aIPL-CLA$c20140331$lBLL01$h1634
=CAT  \\$aW2308-1659$c20230923$lBLL01$h1121
=CAT  \\$aBATCH-CLA$b00$c20230924$lBLL01$h0649
=CFI  0\$aBritish Library not licensed to copy$c0$e01-apr-2014$hC$iCFP Excluded$5Uk
=FIN  \\$aY$d20080401
=FMT  \\$a  BK
=LAS  \\$aBATCH-CLA$b00$c20230924$lBLL01$h0649
=SID  \\$aZ39$bOCLC
=TCO  \\$aTRS$bCCC$c008

