=LDR  04072cam a22006017a 4500
=001  014578903
=003  Uk
=005  20230924064933.0
=007  cr\mn|||||||||
=008  080403s2008\\\\maua\\\\\b\\\\000\0\eng\d
=035  \\$a(OCoLC)218538855
=040  \\$aGZM$cGZM$dUk
=042  \\$aukblderived
=043  \\$aa-cc---
=245  04$aThe higher educational transformation of China and its global implications /$cYao Li ... [et al.].
=260  \\$aCambridge, Mass. :$bNational Bureau of Economic Research,$cc2008.
=300  \\$a50 p. :$bill. ;$c22 cm.
=336  \\$atext$2rdacontent
=337  \\$acomputer$2rdamedia
=338  \\$aonline resource$2rdacarrier
=490  1\$aNBER working paper series ;$vno. 13849
=500  \\$a"March 2008."
=504  \\$aIncludes bibliographical references (p. 46-50).
=520  \\$aThis paper documents the major transformation of higher education that has been underway in China since 1999 and evaluates its potential global impacts. Reflecting China's commitment to continued high growth through quality upgrading and the production of ideas and intellectual property as set out in both the 10th (2001-2005) and 11th (2006-2010) five-year plans, this transformation focuses on major new resource commitments to tertiary education and also embodies significant changes in organizational form. This focus on tertiary education differentiates the Chinese case from other countries who earlier at similar stages of development instead stressed primary and secondary education. The number of undergraduate and graduate students in China has been grown at approximately 30% per year since 1999, and the number of graduates at all levels of higher education in China has approximately quadrupled in the last 6 years. The size of entering classes of new students and total student enrollments have risen even faster, and have approximately quintupled. Prior to 1999 increases in these areas were much smaller. Much of the increased spending is focused on elite universities, and new academic contracts differ sharply from earlier ones with no tenure and annual publication quotas often used. All of these changes have already had large impacts on China's higher educational system and are beginning to be felt by the wider global educational structure. We suggest that even more major impacts will follow in the years to come and there are implications for global trade both directly in ideas, and in idea derived products. These changes, for now, seem relatively poorly documented in literature.
=530  \\$aAlso available in PDF from the NBER World Wide Web site (www.nber.org).
=540  \\$aBritish Library not licensed to copy$c0$5Uk
=650  \0$aEducation, Higher$zChina$xHistory$y21st century.
=650  \0$aEducation, Higher$xEconomic aspects$zChina.
=700  1\$aLi, Yao.
=710  2\$aNational Bureau of Economic Research.
=830  \0$aWorking paper series (National Bureau of Economic Research) ;$vworking paper no. 13849.
=852  41$aBritish Library$bDSC$j6067.719500$ino. 13849
=856  41$uhttp://www.nber.org/papers/W13849
=ACF  \\$aBritish Library not licensed to copy$c0$e01-oct-2013$hC$iCFP Excluded$5Uk
=CAT  \\$a10775$b40$c20080404$lBLL01$h1443
=CAT  \\$aBATCH-CLA$b00$c20130527$lBLL01$h0131
=CAT  \\$aBATCH-CLA$b00$c20130630$lBLL01$h1630
=CAT  \\$aIPL-CLA$c20130701$lBLL01$h0120
=CAT  \\$aBATCH-CLA$b00$c20130702$lBLL01$h0202
=CAT  \\$aBATCH-CLA$b00$c20130929$lBLL01$h1619
=CAT  \\$aIPL-CLA$c20130930$lBLL01$h1759
=CAT  \\$aBATCH-CLA$b00$c20131202$lBLL01$h0332
=CAT  \\$aIPL-CLA$c20140101$lBLL01$h0052
=CAT  \\$aBATCH-CLA$b00$c20140327$lBLL01$h1829
=CAT  \\$aIPL-CLA$c20140331$lBLL01$h1634
=CAT  \\$aW2308-1659$c20230923$lBLL01$h1121
=CAT  \\$aBATCH-CLA$b00$c20230924$lBLL01$h0649
=CFI  0\$aBritish Library not licensed to copy$c0$e01-apr-2014$hC$iCFP Excluded$5Uk
=FIN  \\$aY$d20080404
=FMT  \\$a  BK
=LAS  \\$aBATCH-CLA$b00$c20230924$lBLL01$h0649
=SID  \\$aZ39$bOCLC
=TCO  \\$aTRS$bCCC$c008

