=LDR  03975cam a22006377a 4500
=001  014578955
=003  Uk
=005  20230924064933.0
=007  cr\mn|||||||||
=008  080403s2008\\\\maua\\\\\b\\\\000\0\eng\d
=035  \\$a(OCoLC)218546405
=040  \\$aGZM$cGZM$dUk
=042  \\$aukblderived
=043  \\$aa-cc---
=100  10$aDean, Judith Myrle,$d1956-
=245  10$aTrade growth, production fragmentation, and China's environment /$cJudith M. Dean, Mary E. Lovely.
=260  \\$aCambridge, Mass. :$bNational Bureau of Economic Research,$cc2008.
=300  \\$a47 p. :$bill. ;$c22 cm.
=336  \\$atext$2rdacontent
=337  \\$acomputer$2rdamedia
=338  \\$aonline resource$2rdacarrier
=490  1\$aNBER working paper series ;$vno. 13860
=500  \\$a"March 2008."
=504  \\$aIncludes bibliographical references (p. 31-32).
=520  \\$aTrade growth for a relatively poor country is thought to shift the composition of industrial output towards dirtier products, aggravating environmental damage. China's rapidly growing trade and serious environmental degradation appear to be no exception. However, much of China's trade growth is attributable to the international fragmentation of production. This kind of trade could be cleaner, if fragmented production occurs in cleaner goods, or if China specializes in cleaner stages of production within these goods. Using Chinese official environmental data on air and water pollution, and official trade data, we present evidence that (1) China's industrial output has become cleaner over time, (2) China's exports have shifted toward relatively cleaner, highly fragmented sectors, and (3) the pollution intensity of Chinese exports has fallen dramatically between 1995 and 2004. We then explore the role of fragmentation and FDI in this trend toward cleaner trade. Beginning with a standard model of the pollution intensity of trade, we develop a model that explicitly introduces production fragmentation into the export sector. We then estimate this model using pooled data on four pollutants over ten years. Econometric results support the view that increased FDI and production fragmentation have contributed positively to the decline in the pollution intensity of China's trade, as has accession to the WTO and lower tariff rates.
=530  \\$aAlso available in PDF from the NBER World Wide Web site (www.nber.org).
=540  \\$aBritish Library not licensed to copy$c0$5Uk
=650  \0$aPollution$xEconomic aspects$zChina.
=650  \0$aManufacturing industries$xEnvironmental aspects$zChina.
=650  \0$aInternational trade$xEnvironmental aspects$zChina.
=700  1\$aLovely, Mary E.
=710  2\$aNational Bureau of Economic Research.
=830  \0$aWorking paper series (National Bureau of Economic Research) ;$vworking paper no. 13860.
=852  41$aBritish Library$bDSC$j6067.719500$ino. 13860
=856  41$uhttp://www.nber.org/papers/W13860
=ACF  \\$aBritish Library not licensed to copy$c0$e01-oct-2013$hC$iCFP Excluded$5Uk
=CAT  \\$a10775$b40$c20080404$lBLL01$h1516
=CAT  \\$aBATCH-CLA$b00$c20130527$lBLL01$h0131
=CAT  \\$aBATCH-CLA$b00$c20130630$lBLL01$h1630
=CAT  \\$aIPL-CLA$c20130701$lBLL01$h0120
=CAT  \\$aBATCH-CLA$b00$c20130702$lBLL01$h0202
=CAT  \\$aBATCH-CLA$b00$c20130929$lBLL01$h1619
=CAT  \\$aIPL-CLA$c20130930$lBLL01$h1759
=CAT  \\$aBATCH-CLA$b00$c20131202$lBLL01$h0332
=CAT  \\$aIPL-CLA$c20140101$lBLL01$h0052
=CAT  \\$aBATCH-CLA$b00$c20140327$lBLL01$h1829
=CAT  \\$aIPL-CLA$c20140331$lBLL01$h1634
=CAT  \\$aBATCH-UPD$b00$c20161026$lBLL01$h1903
=CAT  \\$aW2308-1659$c20230923$lBLL01$h1121
=CAT  \\$aBATCH-CLA$b00$c20230924$lBLL01$h0649
=CFI  0\$aBritish Library not licensed to copy$c0$e01-apr-2014$hC$iCFP Excluded$5Uk
=FIN  \\$aY$d20080404
=FMT  \\$a  BK
=LAS  \\$aBATCH-CLA$b00$c20230924$lBLL01$h0649
=SID  \\$aZ39$bOCLC
=TCO  \\$aTRS$bCCC$c008

