=LDR  03787cam a22006017a 4500
=001  014578966
=003  Uk
=005  20230924064933.0
=007  cr\mn|||||||||
=008  080403s2008\\\\maua\\\\\b\\\\000\0\eng\d
=035  \\$a(OCoLC)218556478
=040  \\$aGZM$cGZM$dUk
=042  \\$aukblderived
=100  1\$aBhattacharya, Jay.
=245  14$aThe other ex-ante moral hazard in health /$cJay Bhattacharya, Mikko Packalen.
=260  \\$aCambridge, Mass. :$bNational Bureau of Economic Research,$cc2008.
=300  \\$a26, [24] p. :$bill. ;$c22 cm.
=336  \\$atext$2rdacontent
=337  \\$acomputer$2rdamedia
=338  \\$aonline resource$2rdacarrier
=490  1\$aNBER working paper series ;$vno. 13863
=500  \\$a"March 2008."
=504  \\$aIncludes bibliographical references (p. 22-26).
=520  \\$aIt is well known that public or pooled insurance coverage can induce a form of ex-ante moral hazard: people make inefficiently low investments in self-protective activities. This paper points out another ex-ante moral hazard that arises through an induced innovation externality. This alternative mechanism, by contrast, causes people to devote an inefficiently high level of self-protection. As an empirical example of this externality, we analyze the innovation induced by the obesity epidemic. Obesity is associated with an increase in the incidence of many diseases. The induced innovation hypothesis is that an increase in the incidence of a disease will increase technological innovation specific to that disease. The empirical economics literature has produced substantial evidence in favor of the induced innovation hypothesis. We first estimate the associations between obesity and disease incidence. We then show that if these associations are causal and the pharmaceutical reward system is optimal the magnitude of the induced innovation externality of obesity roughly coincides with the Medicare-induced health insurance externality of obesity. The current Medicare subsidy for obesity therefore appears to be approximately optimal. We also show that the pattern of diseases for obese and normal weight individuals are similar enough that the induced innovation externality of obesity on normal weight individuals is positive as well.
=530  \\$aAlso available in PDF from the NBER World Wide Web site (www.nber.org).
=540  \\$aBritish Library not licensed to copy$c0$5Uk
=650  \0$aObesity$xEconomic aspects.
=650  \0$aMedical innovations$xEconomic aspects.
=700  1\$aPackalen, Mikko.
=710  2\$aNational Bureau of Economic Research.
=830  \0$aWorking paper series (National Bureau of Economic Research) ;$vworking paper no. 13863.
=852  41$aBritish Library$bDSC$j6067.719500$ino. 13863
=856  41$uhttp://www.nber.org/papers/W13863
=ACF  \\$aBritish Library not licensed to copy$c0$e01-oct-2013$hC$iCFP Excluded$5Uk
=CAT  \\$a10775$b40$c20080404$lBLL01$h1524
=CAT  \\$aBATCH-CLA$b00$c20130527$lBLL01$h0131
=CAT  \\$aBATCH-CLA$b00$c20130630$lBLL01$h1630
=CAT  \\$aIPL-CLA$c20130701$lBLL01$h0120
=CAT  \\$aBATCH-CLA$b00$c20130702$lBLL01$h0202
=CAT  \\$aBATCH-CLA$b00$c20130929$lBLL01$h1619
=CAT  \\$aIPL-CLA$c20130930$lBLL01$h1759
=CAT  \\$aBATCH-CLA$b00$c20131202$lBLL01$h0332
=CAT  \\$aIPL-CLA$c20140101$lBLL01$h0052
=CAT  \\$aBATCH-CLA$b00$c20140327$lBLL01$h1829
=CAT  \\$aIPL-CLA$c20140331$lBLL01$h1634
=CAT  \\$aW2308-1659$c20230923$lBLL01$h1121
=CAT  \\$aBATCH-CLA$b00$c20230924$lBLL01$h0649
=CFI  0\$aBritish Library not licensed to copy$c0$e01-apr-2014$hC$iCFP Excluded$5Uk
=FIN  \\$aY$d20080404
=FMT  \\$a  BK
=LAS  \\$aBATCH-CLA$b00$c20230924$lBLL01$h0649
=SID  \\$aZ39$bOCLC
=TCO  \\$aTRS$bCCC$c008

