=LDR  03896cam a22006257a 4500
=001  014585649
=003  Uk
=005  20230924064933.0
=007  cr\mn|||||||||
=008  080404s2008\\\\maua\\\\\b\\\\000\0\eng\d
=035  \\$a(OCoLC)219534557
=040  \\$aGZM$cGZM$dUk
=042  \\$aukblderived
=100  10$aChen, Yu-chin,$d1971-
=245  10$aCan exchange rates forecast commodity prices? /$cYu-Chin Chen, Kenneth Rogoff, Barbara Rossi.
=260  \\$aCambridge, Mass. :$bNational Bureau of Economic Research,$cc2008.
=300  \\$a44 p. :$bill. ;$c22 cm.
=336  \\$atext$2rdacontent
=337  \\$acomputer$2rdamedia
=338  \\$aonline resource$2rdacarrier
=490  1\$aNBER working paper series ;$vno. 13901
=500  \\$a"March 2008."
=504  \\$aIncludes bibliographical references (p. 26-28).
=520  \\$aThis paper demonstrates that "commodity currency" exchange rates have remarkably robust power in predicting future global commodity prices, both in-sample and out-of-sample. A critical element of our in-sample approach is to allow for structural breaks, endemic to empirical exchange rate models, by implementing the approach of Rossi (2005b). Aside from its practical implications, our forecasting results provide perhaps the most convincing evidence to date that the exchange rate depends on the present value of identifiable exogenous fundamentals. We also find that the reverse relationship holds; that is, that commodity prices Granger-cause exchange rates. However, consistent with the vast post-Meese-Rogoff (1983a,b) literature on forecasting exchange rates, we find that the reverse forecasting regression does not survive out-of-sample testing. We argue, however, that it is quite plausible that exchange rates will be better predictors of exogenous commodity prices than vice-versa, because the exchange rate is fundamentally forward looking. Therefore, following Campbell and Shiller (1987) and Engel and West (2005), the exchange rate is likely to embody important information about future commodity price movements well beyond what econometricians can capture with simple time series models. In contrast, prices for most commodities are extremely sensitive to small shocks to current demand and supply, and are therefore likely to be less forward looking.
=530  \\$aAlso available in PDF from the NBER World Wide Web site (www.nber.org).
=540  \\$aBritish Library not licensed to copy$c0$5Uk
=650  \0$aForeign exchange rates.
=650  \0$aPrices$xForecasting.
=700  1\$aRogoff, Kenneth S.
=700  1\$aRossi, Barbara,$d1971-
=710  2\$aNational Bureau of Economic Research.
=830  \0$aWorking paper series (National Bureau of Economic Research) ;$vworking paper no. 13901.
=852  41$aBritish Library$bDSC$j6067.719500$ino. 13901
=856  41$uhttp://www.nber.org/papers/W13901
=ACF  \\$aBritish Library not licensed to copy$c0$e01-oct-2013$hC$iCFP Excluded$5Uk
=CAT  \\$a10775$b40$c20080410$lBLL01$h1033
=CAT  \\$aBATCH-CLA$b00$c20130527$lBLL01$h0131
=CAT  \\$aBATCH-CLA$b00$c20130630$lBLL01$h1630
=CAT  \\$aIPL-CLA$c20130701$lBLL01$h0120
=CAT  \\$aBATCH-CLA$b00$c20130702$lBLL01$h0202
=CAT  \\$aBATCH-CLA$b00$c20130929$lBLL01$h1619
=CAT  \\$aIPL-CLA$c20130930$lBLL01$h1759
=CAT  \\$aBATCH-CLA$b00$c20131202$lBLL01$h0332
=CAT  \\$aIPL-CLA$c20140101$lBLL01$h0053
=CAT  \\$aBATCH-CLA$b00$c20140327$lBLL01$h1829
=CAT  \\$aIPL-CLA$c20140331$lBLL01$h1634
=CAT  \\$aBATCH-UPD$b00$c20161013$lBLL01$h2049
=CAT  \\$aW2308-1659$c20230923$lBLL01$h1121
=CAT  \\$aBATCH-CLA$b00$c20230924$lBLL01$h0649
=CFI  0\$aBritish Library not licensed to copy$c0$e01-apr-2014$hC$iCFP Excluded$5Uk
=FIN  \\$aY$d20080410
=FMT  \\$a  BK
=LAS  \\$aBATCH-CLA$b00$c20230924$lBLL01$h0649
=SID  \\$aZ39$bOCLC
=TCO  \\$aTRS$bCCC$c008

