=LDR  03780cam a22006017a 4500
=001  014585652
=003  Uk
=005  20230924064934.0
=007  cr\mn|||||||||
=008  080326s2008\\\\maua\\\\\b\\\\000\0\eng\d
=035  \\$a(OCoLC)214097007
=040  \\$aGZM$cGZM$dUk
=042  \\$aukblderived
=100  10$aReinhart, Carmen M.
=245  10$aThis time is different :$ba panoramic view of eight centuries of financial crises /$cCarmen M. Reinhart, Kenneth S. Rogoff.
=260  \\$aCambridge, Mass. :$bNational Bureau of Economic Research,$cc2008.
=300  \\$a121 p. :$bill. ;$c22 cm.
=336  \\$atext$2rdacontent
=337  \\$acomputer$2rdamedia
=338  \\$aonline resource$2rdacarrier
=490  1\$aNBER working paper series ;$vno. 13882
=500  \\$a"March 2008."
=504  \\$aIncludes bibliographical references (p. 55-66).
=520  \\$aThis paper offers a ₃panoramic₄ analysis of the history of financial crises dating from England's fourteenth-century default to the current United States sub-prime financial crisis. Our study is based on a new dataset that spans all regions. It incorporates a number of important credit episodes seldom covered in the literature, including for example, defaults in India and China. As the first paper employing this data, our aim is to illustrate some of the broad insights that can be gleaned from such a sweeping historical database. We find that serial default is a nearly universal phenomenon as countries struggle to transform themselves from emerging markets to advanced economies. Major default episodes are typically spaced some years (or decades) apart, creating an illusion that "this time is different" among policymakers and investors. A recent example of the "this time is different" syndrome is the false belief that domestic debt is a novel feature of the modern financial landscape. We also confirm that crises frequently emanate from the financial centers with transmission through interest rate shocks and commodity price collapses. Thus, the recent US sub-prime financial crisis is hardly unique. Our data also documents other crises that often accompany default: including inflation, exchange rate crashes, banking crises, and currency debasements.
=530  \\$aAlso available in PDF from the NBER World Wide Web site (www.nber.org).
=540  \\$aBritish Library not licensed to copy$c0$5Uk
=650  \0$aFinancial crises$xHistory.
=700  1\$aRogoff, Kenneth S.
=710  2\$aNational Bureau of Economic Research.
=830  \0$aWorking paper series (National Bureau of Economic Research) ;$vworking paper no. 13882.
=852  41$aBritish Library$bDSC$j6067.719500$ino. 13882
=856  41$uhttp://www.nber.org/papers/W13882
=ACF  \\$aBritish Library not licensed to copy$c0$e01-oct-2013$hC$iCFP Excluded$5Uk
=CAT  \\$a10775$b40$c20080410$lBLL01$h1038
=CAT  \\$aBATCH-CLA$b00$c20130527$lBLL01$h0131
=CAT  \\$aBATCH-CLA$b00$c20130630$lBLL01$h1630
=CAT  \\$aIPL-CLA$c20130701$lBLL01$h0120
=CAT  \\$aBATCH-CLA$b00$c20130702$lBLL01$h0202
=CAT  \\$aBATCH-CLA$b00$c20130929$lBLL01$h1619
=CAT  \\$aIPL-CLA$c20130930$lBLL01$h1759
=CAT  \\$aBATCH-CLA$b00$c20131202$lBLL01$h0332
=CAT  \\$aIPL-CLA$c20140101$lBLL01$h0053
=CAT  \\$aBATCH-CLA$b00$c20140327$lBLL01$h1829
=CAT  \\$aIPL-CLA$c20140331$lBLL01$h1634
=CAT  \\$aBATCH-UPD$b00$c20151110$lBLL01$h1055
=CAT  \\$aBATCH-CLA$b00$c20151111$lBLL01$h0151
=CAT  \\$aW2308-1659$c20230923$lBLL01$h1121
=CAT  \\$aBATCH-CLA$b00$c20230924$lBLL01$h0649
=CFI  0\$aBritish Library not licensed to copy$c0$e01-apr-2014$hC$iCFP Excluded$5Uk
=FMT  \\$a  BK
=LAS  \\$aBATCH-CLA$b00$c20230924$lBLL01$h0649
=SID  \\$aZ39$bOCLC
=TCO  \\$aTRS$bCCC$c008

