=LDR  03359cam a22006257a 4500
=001  014585698
=003  Uk
=005  20230924064934.0
=007  cr\mn|||||||||
=008  080326s2008\\\\maua\\\\\b\\\\000\0\eng\d
=035  \\$a(OCoLC)214093683
=040  \\$aGZM$cGZM$dGZM$dUk
=042  \\$aukblderived
=100  10$aRogerson, Richard Donald.
=245  10$aLabor market fluctuations in the small and in the large /$cRichard Rogerson, Lodewijk P. Visschers, Randall Wright.
=260  \\$aCambridge, Mass. :$bNational Bureau of Economic Research,$cc2008.
=300  \\$a20 p. :$bill. ;$c22 cm.
=336  \\$atext$2rdacontent
=337  \\$acomputer$2rdamedia
=338  \\$aonline resource$2rdacarrier
=490  1\$aNBER working paper series ;$vno. 13872
=500  \\$a"March 2008."
=504  \\$aIncludes bibliographical references (p. 18-20).
=520  \\$aShimer's calibrated version of the Mortensen-Pissarides model generates unemployment fluctuates much smaller than the data. Hagedorn and Manovskii present an alternative calibration that yields fluctuations consistent with the data, but this has been challenged by Costain and Reiter, who say it generates unrealistically big differences in unemployment from the differences in policy we sees across countries. We argue this concern may be unwarranted, because one cannot assume elasticities relevant for small changes work for large changes. Models with fixed factors in market or household production can generate large effects from small changes and reasonable effects from large changes. This is reminiscent of attempts to improve the labor market in the Kydland-Prescott model, especially ones incorporating household production, like Benhabib, Rogerson and Wright.
=530  \\$aAlso available in PDF from the NBER World Wide Web site (www.nber.org).
=540  \\$aBritish Library not licensed to copy$c0$5Uk
=650  \0$aLabor market$xEconometric models.
=700  1\$aVisschers, Lodewijk P.
=700  1\$aWright, Randall,$d1956-
=710  2\$aNational Bureau of Economic Research.
=830  \0$aWorking paper series (National Bureau of Economic Research) ;$vworking paper no. 13872.
=852  41$aBritish Library$bDSC$j6067.719500$ino. 13872
=856  41$uhttp://www.nber.org/papers/W13872
=ACF  \\$aBritish Library not licensed to copy$c0$e01-oct-2013$hC$iCFP Excluded$5Uk
=CAT  \\$a10775$b40$c20080410$lBLL01$h1109
=CAT  \\$aBATCH-CLA$b00$c20130527$lBLL01$h0131
=CAT  \\$aBATCH-CLA$b00$c20130630$lBLL01$h1630
=CAT  \\$aIPL-CLA$c20130701$lBLL01$h0120
=CAT  \\$aBATCH-CLA$b00$c20130702$lBLL01$h0202
=CAT  \\$aBATCH-CLA$b00$c20130929$lBLL01$h1619
=CAT  \\$aIPL-CLA$c20130930$lBLL01$h1759
=CAT  \\$aBATCH-CLA$b00$c20131202$lBLL01$h0332
=CAT  \\$aIPL-CLA$c20140101$lBLL01$h0053
=CAT  \\$aBATCH-CLA$b00$c20140327$lBLL01$h1829
=CAT  \\$aIPL-CLA$c20140331$lBLL01$h1634
=CAT  \\$aBATCH-UPD$b00$c20190201$lBLL01$h2027
=CAT  \\$aBATCH-CLA$b00$c20190202$lBLL01$h0107
=CAT  \\$aW2308-1659$c20230923$lBLL01$h1121
=CAT  \\$aBATCH-CLA$b00$c20230924$lBLL01$h0649
=CFI  0\$aBritish Library not licensed to copy$c0$e01-apr-2014$hC$iCFP Excluded$5Uk
=FIN  \\$aY$d20080410
=FMT  \\$a  BK
=LAS  \\$aBATCH-CLA$b00$c20230924$lBLL01$h0649
=SID  \\$aZ39$bOCLC
=TCO  \\$aTRS$bCCC$c008

