=LDR  04247cam a22006857a 4500
=001  014585738
=003  Uk
=005  20230924064934.0
=007  cr\mn|||||||||
=008  080326s2008\\\\maua\\\\\b\\\\000\0\eng\d
=035  \\$a(OCoLC)214095709
=040  \\$aGZM$cGZM$dUk
=042  \\$aukblderived
=043  \\$an-us-ca
=100  1\$aAlmond, Douglas.
=245  10$aAfter midnight :$ba regression discontinuity design in length of postpartum hospital stays /$cDouglas Almond, Joseph J. Doyle, Jr.
=260  \\$aCambridge, Mass. :$bNational Bureau of Economic Research,$cc2008.
=300  \\$a55, [23] p. :$bill. ;$c22 cm.
=336  \\$atext$2rdacontent
=337  \\$acomputer$2rdamedia
=338  \\$aonline resource$2rdacarrier
=490  1\$aNBER working paper series ;$vno. 13877
=500  \\$a"March 2008."
=504  \\$aIncludes bibliographical references (p. 52-55).
=520  \\$aPatients who receive more hospital treatment tend to have worse underlying health, confounding estimates of the returns to such care. This paper compares the costs and benefits of extending the length of hospital stay following delivery using a discontinuity in stay length for infants born close to midnight. Third-party reimbursement rules in California entitle newborns to a minimum number of hospital "days," counted as the number of midnights in care. A newborn delivered at 12:05 a.m. will have an extra night of reimbursable care compared to an infant born minutes earlier. We use a dataset of all California births from 1991-2002, including nearly 100,000 births within 20 minutes of midnight, and find that children born just prior to midnight have significantly shorter lengths of stay than those born just after midnight, despite similar observable characteristics. Furthermore, a law change in 1997 entitled newborns to a minimum of 2 days in care. The midnight discontinuity can therefore be used to consider two distinct treatments: increasing stay length from one to two nights (prior to the law change) and from two to three nights (following the law change). On both margins, we find no effect of stay length on readmissions or mortality for either the infant or the mother, and the estimates are precise. The results suggest that for uncomplicated births, longer hospitals stays incur substantial costs without apparent health benefits.
=530  \\$aAlso available in PDF from the NBER World Wide Web site (www.nber.org).
=540  \\$aBritish Library not licensed to copy$c0$5Uk
=650  \0$aPostnatal care$xEconomic aspects$zCalifornia.
=650  \0$aPostnatal care$xHealth aspects$zCalifornia.
=650  \0$aHospital care$xEconomic aspects$zCalifornia.
=650  \0$aHospital care$xHealth aspects$zCalifornia.
=700  1\$aDoyle, Joseph J.$q(Joseph John),$cJr.
=710  2\$aNational Bureau of Economic Research.
=830  \0$aWorking paper series (National Bureau of Economic Research) ;$vworking paper no. 13877.
=852  41$aBritish Library$bDSC$j6067.719500$ino. 13877
=856  41$uhttp://www.nber.org/papers/W13877
=ACF  \\$aBritish Library not licensed to copy$c0$e01-oct-2013$hC$iCFP Excluded$5Uk
=CAT  \\$a10775$b40$c20080410$lBLL01$h1127
=CAT  \\$aBATCH-CLA$b00$c20130527$lBLL01$h0131
=CAT  \\$aBATCH-CLA$b00$c20130630$lBLL01$h1630
=CAT  \\$aIPL-CLA$c20130701$lBLL01$h0120
=CAT  \\$aBATCH-CLA$b00$c20130702$lBLL01$h0202
=CAT  \\$aBATCH-CLA$b00$c20130929$lBLL01$h1619
=CAT  \\$aIPL-CLA$c20130930$lBLL01$h1759
=CAT  \\$aBATCH-CLA$b00$c20131202$lBLL01$h0332
=CAT  \\$aIPL-CLA$c20140101$lBLL01$h0053
=CAT  \\$aBATCH-CLA$b00$c20140327$lBLL01$h1829
=CAT  \\$aIPL-CLA$c20140331$lBLL01$h1634
=CAT  \\$aBATCH-UPD$b00$c20211217$lBLL01$h2100
=CAT  \\$aBATCH-CLA$b00$c20211218$lBLL01$h0139
=CAT  \\$aBATCH-UPD$b00$c20220122$lBLL01$h1748
=CAT  \\$aBATCH-CLA$b00$c20220123$lBLL01$h0102
=CAT  \\$aW2308-1659$c20230923$lBLL01$h1121
=CAT  \\$aBATCH-CLA$b00$c20230924$lBLL01$h0649
=CFI  0\$aBritish Library not licensed to copy$c0$e01-apr-2014$hC$iCFP Excluded$5Uk
=FIN  \\$aY$d20080410
=FMT  \\$a  BK
=LAS  \\$aBATCH-CLA$b00$c20230924$lBLL01$h0649
=SID  \\$aZ39$bOCLC
=TCO  \\$aTRS$bCCC$c008

