=LDR  03768cam a22006137a 4500
=001  014585748
=003  Uk
=005  20230924064934.0
=007  cr\mn|||||||||
=008  080403s2008\\\\maua\\\\\b\\\\000\0\eng\d
=035  \\$a(OCoLC)218584814
=040  \\$aGZM$cGZM$dUk
=042  \\$aukblderived
=100  1\$aLustig, Hanno.
=245  14$aThe wealth-consumption ratio /$cHanno Lustig, Stijn Van Nieuwerburgh, Adrien Verdelhan.
=260  \\$aCambridge, Mass. :$bNational Bureau of Economic Research,$cc2008.
=300  \\$a33, [12] p. :$bill. ;$c22 cm.
=336  \\$atext$2rdacontent
=337  \\$acomputer$2rdamedia
=338  \\$aonline resource$2rdacarrier
=490  1\$aNBER working paper series ;$vno. 13896
=500  \\$a"March 2008."
=504  \\$aIncludes bibliographical references (p. 30-33).
=520  \\$aWe propose a new method to measure the wealth-consumption ratio. We estimate an exponentially affine model of the stochastic discount factor on bond yields and stock returns and use that discount factor to compute the no-arbitrage price of a claim to aggregate US consumption. We find that total wealth is much safer than stock market wealth. The consumption risk premium is only 2.2%, substantially below the equity risk premium of 6.9%. As a result, our estimate of the wealth-consumption ratio is much higher than the price-dividend ratio on stocks throughout the post-war period. The high wealth-consumption ratio implies that the average US household has a lot of wealth, most of it human wealth. The wealth-consumption ratio also has lower volatility than the price-dividend ratio on equity. A variance decomposition of the wealth-consumption ratio shows that future returns account for most of its variation. The predictability is mostly for future interest rates, not future excess returns. We conclude that the properties of total wealth are more similar to those of a long-maturity bond portfolio than those of a stock portfolio. Many dynamic asset pricing models require total wealth returns as inputs, but equity returns are commonly used as a proxy. The differences we find between the risk-return characteristics of equity and total wealth suggest that equity is special.
=530  \\$aAlso available in PDF from the NBER World Wide Web site (www.nber.org).
=540  \\$aBritish Library not licensed to copy$c0$5Uk
=650  \0$aWealth$xMeasurement.
=650  \0$aConsumption (Economics)$xMeasurement.
=700  1\$aNieuwerburgh, Stijn van.
=700  1\$aVerdelhan, Adrien.
=710  2\$aNational Bureau of Economic Research.
=830  \0$aWorking paper series (National Bureau of Economic Research) ;$vworking paper no. 13896.
=852  41$aBritish Library$bDSC$j6067.719500$ino. 13896
=856  41$uhttp://www.nber.org/papers/W13896
=ACF  \\$aBritish Library not licensed to copy$c0$e01-oct-2013$hC$iCFP Excluded$5Uk
=CAT  \\$a10775$b40$c20080410$lBLL01$h1131
=CAT  \\$aBATCH-CLA$b00$c20130527$lBLL01$h0131
=CAT  \\$aBATCH-CLA$b00$c20130630$lBLL01$h1630
=CAT  \\$aIPL-CLA$c20130701$lBLL01$h0120
=CAT  \\$aBATCH-CLA$b00$c20130702$lBLL01$h0202
=CAT  \\$aBATCH-CLA$b00$c20130929$lBLL01$h1619
=CAT  \\$aIPL-CLA$c20130930$lBLL01$h1759
=CAT  \\$aBATCH-CLA$b00$c20131202$lBLL01$h0332
=CAT  \\$aIPL-CLA$c20140101$lBLL01$h0053
=CAT  \\$aBATCH-CLA$b00$c20140327$lBLL01$h1829
=CAT  \\$aIPL-CLA$c20140331$lBLL01$h1634
=CAT  \\$aW2308-1659$c20230923$lBLL01$h1121
=CAT  \\$aBATCH-CLA$b00$c20230924$lBLL01$h0649
=CFI  0\$aBritish Library not licensed to copy$c0$e01-apr-2014$hC$iCFP Excluded$5Uk
=FIN  \\$aY$d20080410
=FMT  \\$a  BK
=LAS  \\$aBATCH-CLA$b00$c20230924$lBLL01$h0649
=SID  \\$aZ39$bOCLC
=TCO  \\$aTRS$bCCC$c008

