=LDR  03283cam a22006137a 4500
=001  014585759
=003  Uk
=005  20230924064934.0
=007  cr\mn|||||||||
=008  080404s2008\\\\maua\\\\\b\\\\000\0\eng\d
=035  \\$a(OCoLC)219547168
=040  \\$aGZM$cGZM$dUk
=042  \\$aukblderived
=100  1\$aNieuwerburgh, Stijn van.
=245  10$aInformation acquisition and under-diversification /$cStijn Van Nieuwerburgh, Laura Veldkamp.
=260  \\$aCambridge, Mass. :$bNational Bureau of Economic Research,$cc2008.
=300  \\$a35 p. :$bill. ;$c22 cm.
=336  \\$atext$2rdacontent
=337  \\$acomputer$2rdamedia
=338  \\$aonline resource$2rdacarrier
=490  1\$aNBER working paper series ;$vno. 13904
=500  \\$a"March 2008."
=504  \\$aIncludes bibliographical references (p. 28-30).
=520  \\$aIf an investor wants to form a portfolio of risky assets and can exert effort to collect information on the future value of these assets before he invests, which assets should he learn about? The best assets to acquire information about are ones the investor expects to hold. But the assets the investor holds depend on the information he observes. We build a framework to solve jointly for investment and information choices, with a variety of preferences and information cost functions. Although the optimal research strategies depend on preferences and costs, the main result is that the investor who can first collect information systematically deviates from holding a diversified portfolio. Information acquisition can rationalize investing in a diversified fund and a concentrated set of assets, an allocation often observed, but usually deemed anomalous.
=530  \\$aAlso available in PDF from the NBER World Wide Web site (www.nber.org).
=540  \\$aBritish Library not licensed to copy$c0$5Uk
=650  \0$aPortfolio management$xEconometric models.
=700  1\$aVeldkamp, Laura.
=710  2\$aNational Bureau of Economic Research.
=830  \0$aWorking paper series (National Bureau of Economic Research) ;$vworking paper no. 13904.
=852  41$aBritish Library$bDSC$j6067.719500$ino. 13904
=856  41$uhttp://www.nber.org/papers/W13904
=ACF  \\$aBritish Library not licensed to copy$c0$e01-oct-2013$hC$iCFP Excluded$5Uk
=CAT  \\$a10775$b40$c20080410$lBLL01$h1135
=CAT  \\$aBATCH-CLA$b00$c20130527$lBLL01$h0131
=CAT  \\$aBATCH-CLA$b00$c20130630$lBLL01$h1630
=CAT  \\$aIPL-CLA$c20130701$lBLL01$h0120
=CAT  \\$aBATCH-CLA$b00$c20130702$lBLL01$h0202
=CAT  \\$aBATCH-UPD$b00$c20130722$lBLL01$h1351
=CAT  \\$aBATCH-UPD$b00$c20130722$lBLL01$h1353
=CAT  \\$aBATCH-CLA$b00$c20130929$lBLL01$h1619
=CAT  \\$aIPL-CLA$c20130930$lBLL01$h1759
=CAT  \\$aBATCH-CLA$b00$c20131202$lBLL01$h0332
=CAT  \\$aIPL-CLA$c20140101$lBLL01$h0053
=CAT  \\$aBATCH-CLA$b00$c20140327$lBLL01$h1829
=CAT  \\$aIPL-CLA$c20140331$lBLL01$h1634
=CAT  \\$aW2308-1659$c20230923$lBLL01$h1121
=CAT  \\$aBATCH-CLA$b00$c20230924$lBLL01$h0649
=CFI  0\$aBritish Library not licensed to copy$c0$e01-apr-2014$hC$iCFP Excluded$5Uk
=FIN  \\$aY$d20080410
=FMT  \\$a  BK
=LAS  \\$aBATCH-CLA$b00$c20230924$lBLL01$h0649
=SID  \\$aZ39$bOCLC
=TCO  \\$aTRS$bCCC$c008

