=LDR  02950cam a22006017a 4500
=001  014585772
=003  Uk
=005  20230924064934.0
=007  cr\mn|||||||||
=008  080404s2008\\\\maua\\\\\b\\\\000\0\eng\d
=035  \\$a(OCoLC)219526970
=040  \\$aGZM$cGZM$dUPM$dUk
=042  \\$aukblderived
=100  1\$aImai, Susumu.
=245  12$aA quantile-based test of protection for sale model /$cSusumu Imai, Hajime Katayama, Kala Krishna.
=260  \\$aCambridge, Mass. :$bNational Bureau of Economic Research,$cc2008.
=300  \\$a33, [4] p. :$bill. ;$c22 cm.
=336  \\$atext$2rdacontent
=337  \\$acomputer$2rdamedia
=338  \\$aonline resource$2rdacarrier
=490  1\$aNBER working paper series ;$vno. 13900
=500  \\$a"March 2008."
=504  \\$aIncludes bibliographical references (p. 22-24).
=520  \\$aThis paper proposes a new test of the Protection for Sale (PFS) model by Grossman and Helpman (1994). Unlike existing methods in the literature, our approach does not require any data on political organizations. We formally show that the PFS model predicts that the quantile regression of the protection measure on the inverse import penetration ratio divided by the import demand elasticity, should yield a positive coefficient for quantiles close to one. We test this prediction using the data from Gawande and Bandyopadhyay (2000). The results do not provide any evidence favoring the PFS model.
=530  \\$aAlso available in PDF from the NBER World Wide Web site (www.nber.org).
=540  \\$aBritish Library not licensed to copy$c0$5Uk
=650  \0$aProtectionism$xEconometric models.
=700  1\$aKatayama, Hajime,$d1969-
=700  1\$aKrishna, Kala.
=710  2\$aNational Bureau of Economic Research.
=830  \0$aWorking paper series (National Bureau of Economic Research) ;$vworking paper no. 13900.
=852  41$aBritish Library$bDSC$j6067.719500$ino. 13900
=856  41$uhttp://www.nber.org/papers/W13900
=ACF  \\$aBritish Library not licensed to copy$c0$e01-oct-2013$hC$iCFP Excluded$5Uk
=CAT  \\$a10775$b40$c20080410$lBLL01$h1142
=CAT  \\$aBATCH-CLA$b00$c20130527$lBLL01$h0131
=CAT  \\$aBATCH-CLA$b00$c20130630$lBLL01$h1630
=CAT  \\$aIPL-CLA$c20130701$lBLL01$h0120
=CAT  \\$aBATCH-CLA$b00$c20130702$lBLL01$h0202
=CAT  \\$aBATCH-CLA$b00$c20130929$lBLL01$h1619
=CAT  \\$aIPL-CLA$c20130930$lBLL01$h1759
=CAT  \\$aBATCH-CLA$b00$c20131202$lBLL01$h0332
=CAT  \\$aIPL-CLA$c20140101$lBLL01$h0053
=CAT  \\$aBATCH-CLA$b00$c20140327$lBLL01$h1829
=CAT  \\$aIPL-CLA$c20140331$lBLL01$h1634
=CAT  \\$aW2308-1659$c20230923$lBLL01$h1121
=CAT  \\$aBATCH-CLA$b00$c20230924$lBLL01$h0649
=CFI  0\$aBritish Library not licensed to copy$c0$e01-apr-2014$hC$iCFP Excluded$5Uk
=FIN  \\$aY$d20080410
=FMT  \\$a  BK
=LAS  \\$aBATCH-CLA$b00$c20230924$lBLL01$h0649
=SID  \\$aZ39$bOCLC
=TCO  \\$aTRS$bCCC$c008

