=LDR  02868cam a22005897a 4500
=001  014585783
=003  Uk
=005  20230924064934.0
=007  cr\mn|||||||||
=008  080403s2008\\\\maua\\\\\b\\\\000\0\eng\d
=035  \\$a(OCoLC)218567490
=040  \\$aUk$beng$cUk$dUk
=042  \\$aukblderived
=100  1\$aStevenson, Betsey.
=245  14$aThe Internet and job search /$cBetsey Stevenson.
=260  \\$aCambridge, Mass. :$bNational Bureau of Economic Research,$cc2008.
=300  \\$a27 p. :$bill. ;$c22 cm.
=336  \\$atext$2rdacontent
=337  \\$acomputer$2rdamedia
=338  \\$aonline resource$2rdacarrier
=490  1\$aNBER working paper series ;$vno. 13886
=500  \\$a"March 2008."
=504  \\$aIncludes bibliographical references (p. 19).
=520  \\$aThis paper examines how the Internet has impacted job search behavior. Examining those who use the Internet for job seeking purposes, I show that the vast majority are currently employed. These employed job seekers are more likely to leave their current employer and are more likely to make an employment-to-employment transition. Examining the unemployed, I find that over the past ten years the variety of job search methods used by the unemployed has increased and job search behavior has become more extensive. Furthermore, the Internet has led to reallocation of effort among various job search activities.
=530  \\$aAlso available in PDF from the NBER World Wide Web site (www.nber.org).
=540  \\$aBritish Library not licensed to copy$c0$5Uk
=650  \0$aJob hunting$xTechnological innovations.
=650  \0$aInternet.
=710  2\$aNational Bureau of Economic Research.
=830  \0$aWorking paper series (National Bureau of Economic Research) ;$vworking paper no. 13886.
=852  41$aBritish Library$bDSC$j6067.719500$ino. 13886
=856  41$uhttp://www.nber.org/papers/W13886
=ACF  \\$aBritish Library not licensed to copy$c0$e01-oct-2013$hC$iCFP Excluded$5Uk
=CAT  \\$a10775$b40$c20080410$lBLL01$h1147
=CAT  \\$aBATCH-CLA$b00$c20130527$lBLL01$h0131
=CAT  \\$aBATCH-CLA$b00$c20130630$lBLL01$h1630
=CAT  \\$aIPL-CLA$c20130701$lBLL01$h0120
=CAT  \\$aBATCH-CLA$b00$c20130702$lBLL01$h0202
=CAT  \\$aBATCH-CLA$b00$c20130929$lBLL01$h1619
=CAT  \\$aIPL-CLA$c20130930$lBLL01$h1759
=CAT  \\$aBATCH-CLA$b00$c20131202$lBLL01$h0332
=CAT  \\$aIPL-CLA$c20140101$lBLL01$h0053
=CAT  \\$aBATCH-CLA$b00$c20140327$lBLL01$h1829
=CAT  \\$aIPL-CLA$c20140331$lBLL01$h1634
=CAT  \\$aW2308-1659$c20230923$lBLL01$h1121
=CAT  \\$aBATCH-CLA$b00$c20230924$lBLL01$h0649
=CFI  0\$aBritish Library not licensed to copy$c0$e01-apr-2014$hC$iCFP Excluded$5Uk
=FIN  \\$aY$d20080410
=FMT  \\$a  BK
=LAS  \\$aBATCH-CLA$b00$c20230924$lBLL01$h0649
=SID  \\$aZ39$bOCLC
=TCO  \\$aTRS$bCCC$c008

