=LDR  03667cam a22006017a 4500
=001  014600393
=003  Uk
=005  20230924064934.0
=007  cr\mn|||||||||
=008  080418s2008\\\\maua\\\\\b\\\\000\0\eng\d
=035  \\$a(OCoLC)225538562
=040  \\$aGZM$cGZM$dUk
=042  \\$aukblderived
=100  1\$aNiederle, Muriel.
=245  10$aGender differences in seeking challenges :$bthe role of institutions /$cMuriel Niederle, Alexandra H. Yestrumskas.
=260  \\$aCambridge, Mass. :$bNational Bureau of Economic Research,$cc2008.
=300  \\$a46 p. :$bill. ;$c22 cm.
=336  \\$atext$2rdacontent
=337  \\$acomputer$2rdamedia
=338  \\$aonline resource$2rdacarrier
=490  1\$aNBER working paper series ;$vno. 13922
=500  \\$a"April 2008".
=504  \\$aIncludes bibliographical references (p. 40-42).
=520  \\$aWe examine whether women and men of the same ability differ in their decisions to seek challenges. In the laboratory, we create an environment in which we can measure a participants performance level (high or low), where a high performance level participant has on average higher earnings from solving a hard rather than an easy task, and vice versa. After we identify each participant's performance level, they choose the difficulty level (easy or hard) for the next two tasks (only one of which will be chosen for payment). Although there are no gender differences in performance, or beliefs about relative performance, men choose the hard task about 50 percent more frequently than women, independent of performance level. Gender differences in preferences for characteristics of the tasks cannot account for this gender gap. When we allow for a flexible choice high performing women choose the hard task significantly more often, at a rate now similar to the decision of men. Such a flexible choice makes challenging choices easier when participants are either risk averse, or uncertain about their ability. Our results highlight the role of institution design in affecting choices of women and men, and the resulting gender differences in representation in challenging tasks.
=530  \\$aAlso available in PDF from the NBER World Wide Web site (www.nber.org).
=540  \\$aBritish Library not licensed to copy$c0$5Uk
=650  \0$aRisk-taking (Psychology)$xSex differences.
=700  1\$aYestrumskas, Alexandra H.
=710  2\$aNational Bureau of Economic Research.
=830  \0$aWorking paper series (National Bureau of Economic Research) ;$vworking paper no. 13922.
=852  41$aBritish Library$bDSC$j6067.719500$ino.13922
=856  41$uhttp://www.nber.org/papers/W13922
=ACF  \\$aBritish Library not licensed to copy$c0$e01-oct-2013$hC$iCFP Excluded$5Uk
=CAT  \\$a9504$b40$c20080429$lBLL01$h0912
=CAT  \\$a9504$b40$c20080429$lBLL01$h0913
=CAT  \\$aBATCH-CLA$b00$c20130527$lBLL01$h0131
=CAT  \\$aBATCH-CLA$b00$c20130630$lBLL01$h1630
=CAT  \\$aIPL-CLA$c20130701$lBLL01$h0121
=CAT  \\$aBATCH-CLA$b00$c20130702$lBLL01$h0202
=CAT  \\$aBATCH-CLA$b00$c20130929$lBLL01$h1619
=CAT  \\$aIPL-CLA$c20130930$lBLL01$h1759
=CAT  \\$aBATCH-CLA$b00$c20131202$lBLL01$h0332
=CAT  \\$aIPL-CLA$c20140101$lBLL01$h0054
=CAT  \\$aBATCH-CLA$b00$c20140327$lBLL01$h1829
=CAT  \\$aIPL-CLA$c20140331$lBLL01$h1634
=CAT  \\$aW2308-1659$c20230923$lBLL01$h1122
=CAT  \\$aBATCH-CLA$b00$c20230924$lBLL01$h0649
=CFI  0\$aBritish Library not licensed to copy$c0$e01-apr-2014$hC$iCFP Excluded$5Uk
=FIN  \\$aY$d20080429
=FMT  \\$a  BK
=LAS  \\$aBATCH-CLA$b00$c20230924$lBLL01$h0649
=SID  \\$aZ39$bOCLC
=TCO  \\$aTRS$bCCC$c008

