=LDR  03781cam a22006377a 4500
=001  014600416
=003  Uk
=005  20230924064934.0
=007  cr\mn|||||||||
=008  080418s2008\\\\maua\\\\\b\\\\000\0\eng\d
=035  \\$a(OCoLC)225537166
=040  \\$aGZM$cGZM$dUk
=042  \\$aukblderived
=043  \\$ad------
=100  1\$aFerguson, Niall.
=245  15$aThe "thin film of gold" :$bmonetary rules and policy credibility in developing countries /$cNiall Ferguson, Moritz Schularick.
=260  \\$aCambridge, Mass. :$bNational Bureau of Economic Research,$cc2008.
=300  \\$a38 p. :$bill. ;$c22 cm.
=336  \\$atext$2rdacontent
=337  \\$acomputer$2rdamedia
=338  \\$aonline resource$2rdacarrier
=490  1\$aNBER working paper series ;$vno. 13918
=500  \\$a"April 2008".
=504  \\$aIncludes bibliographical references (p. 33-38).
=520  \\$aThis paper asks whether developing countries can reap credibility gains from submitting policy to a strict monetary rule. Following earlier work, we look at the gold standard era (1880-1914) as a "natural experiment" to test whether adoption of a rule-based monetary framework such as the gold standard increased policy credibility. On the basis of the largest possible dataset covering almost sixty independent and colonial borrowers in the London market, we challenge the traditional view that gold standard adherence worked as a credible commitment mechanism that was rewarded by financial markets with lower borrowing costs. We demonstrate that in the poor periphery -- where policy credibility is a particularly acute problem -- the market looked behind "the thin film of gold". Our results point to a dichotomy: whereas country risk premia fell after gold adoption in developed countries, there were no credibility gains in the volatile economic and political environments of developing countries. History shows that monetary policy rules are no short-cut to credibility in situations where vulnerability to economic and political shocks, not time-inconsistency, are overarching concerns for investors.
=530  \\$aAlso available in PDF from the NBER World Wide Web site (www.nber.org).
=540  \\$aBritish Library not licensed to copy$c0$5Uk
=650  \0$aMonetary policy$zDeveloping countries$xHistory$y19th century.
=650  \0$aMonetary policy$zDeveloping countries$xHistory$y20th century.
=650  \0$aGold standard$zDeveloping countries.
=700  1\$aSchularick, Moritz,$d1975-
=710  2\$aNational Bureau of Economic Research.
=830  \0$aWorking paper series (National Bureau of Economic Research) ;$vworking paper no. 13918.
=852  41$aBritish Library$bDSC$j6067.719500$ino.13918
=856  41$uhttp://www.nber.org/papers/W13918
=ACF  \\$aBritish Library not licensed to copy$c0$e01-oct-2013$hC$iCFP Excluded$5Uk
=CAT  \\$a9504$b40$c20080429$lBLL01$h0920
=CAT  \\$a9504$b40$c20080429$lBLL01$h0949
=CAT  \\$aBATCH-CLA$b00$c20130527$lBLL01$h0131
=CAT  \\$aBATCH-CLA$b00$c20130630$lBLL01$h1630
=CAT  \\$aIPL-CLA$c20130701$lBLL01$h0121
=CAT  \\$aBATCH-CLA$b00$c20130702$lBLL01$h0202
=CAT  \\$aBATCH-CLA$b00$c20130929$lBLL01$h1619
=CAT  \\$aIPL-CLA$c20130930$lBLL01$h1759
=CAT  \\$aBATCH-CLA$b00$c20131202$lBLL01$h0332
=CAT  \\$aIPL-CLA$c20140101$lBLL01$h0054
=CAT  \\$aBATCH-CLA$b00$c20140327$lBLL01$h1829
=CAT  \\$aIPL-CLA$c20140331$lBLL01$h1634
=CAT  \\$aW2308-1659$c20230923$lBLL01$h1122
=CAT  \\$aBATCH-CLA$b00$c20230924$lBLL01$h0649
=CFI  0\$aBritish Library not licensed to copy$c0$e01-apr-2014$hC$iCFP Excluded$5Uk
=FIN  \\$aY$d20080429
=FMT  \\$a  BK
=LAS  \\$aBATCH-CLA$b00$c20230924$lBLL01$h0649
=SID  \\$aZ39$bOCLC
=TCO  \\$aTRS$bCCC$c008

