=LDR  03389cam a22006257a 4500
=001  014600447
=003  Uk
=005  20230924064934.0
=007  cr\mn|||||||||
=008  080418s2008\\\\maua\\\\\b\\\\000\0\eng\d
=035  \\$a(OCoLC)225528547
=040  \\$aGZM$cGZM$dUk
=042  \\$aukblderived
=100  1\$aChu, Chenghuan Sean.
=245  10$aNearly optimal pricing for multiproduct firms /$cChenghuan Sean Chu, Phillip Leslie, Alan Sorensen.
=260  \\$aCambridge, Mass. :$bNational Bureau of Economic Research,$cc2008.
=300  \\$a59 p. :$bill. ;$c22 cm.
=336  \\$atext$2rdacontent
=337  \\$acomputer$2rdamedia
=338  \\$aonline resource$2rdacarrier
=490  1\$aNBER working paper series ;$vno. 13916
=500  \\$a"April 2008".
=504  \\$aIncludes bibliographical references (p. 37-38).
=520  \\$aIn principle, a multiproduct firm can set separate prices for all possible bundled combinations of its products (i.e., "mixed bundling"). However, this is impractical for firms with more than a few products, because the number of prices increases exponentially with the number of products. In this study we show that simple pricing strategies are often nearly optimal -- i.e., with surprisingly few prices a firm can obtain 99% of the profit that would be earned by mixed bundling. Specifically, we show that bundle-size pricing -- setting prices that depend only on the size of bundle purchased -- tends to be more profitable than offering the individual products priced separately, and tends to closely approximate the profits from mixed bundling. These findings are based on an array of numerical experiments covering a broad range of demand and cost scenarios, as well as an empirical analysis of the pricing problem for an 8-product firm (a theater company).
=530  \\$aAlso available in PDF from the NBER World Wide Web site (www.nber.org).
=540  \\$aBritish Library not licensed to copy$c0$5Uk
=650  \0$aMultiproduct firms$xPrices.
=650  \0$aPricing.
=650  \0$aBundling (Marketing)
=700  1\$aLeslie, Phillip,$d1970-
=700  1\$aSorensen, Alan T.$q(Alan Tad),$d1972-
=710  2\$aNational Bureau of Economic Research.
=830  \0$aWorking paper series (National Bureau of Economic Research) ;$vworking paper no. 13916.
=852  41$aBritish Library$bDSC$j6067.719500$ino.13916
=856  41$uhttp://www.nber.org/papers/W13916
=ACF  \\$aBritish Library not licensed to copy$c0$e01-oct-2013$hC$iCFP Excluded$5Uk
=CAT  \\$a9504$b40$c20080429$lBLL01$h0937
=CAT  \\$aBATCH-CLA$b00$c20130527$lBLL01$h0131
=CAT  \\$aBATCH-CLA$b00$c20130630$lBLL01$h1630
=CAT  \\$aIPL-CLA$c20130701$lBLL01$h0121
=CAT  \\$aBATCH-CLA$b00$c20130702$lBLL01$h0202
=CAT  \\$aBATCH-CLA$b00$c20130929$lBLL01$h1619
=CAT  \\$aIPL-CLA$c20130930$lBLL01$h1759
=CAT  \\$aBATCH-CLA$b00$c20131202$lBLL01$h0332
=CAT  \\$aIPL-CLA$c20140101$lBLL01$h0054
=CAT  \\$aBATCH-CLA$b00$c20140327$lBLL01$h1829
=CAT  \\$aIPL-CLA$c20140331$lBLL01$h1634
=CAT  \\$aW2308-1659$c20230923$lBLL01$h1122
=CAT  \\$aBATCH-CLA$b00$c20230924$lBLL01$h0649
=CFI  0\$aBritish Library not licensed to copy$c0$e01-apr-2014$hC$iCFP Excluded$5Uk
=FIN  \\$aY$d20080429
=FMT  \\$a  BK
=LAS  \\$aBATCH-CLA$b00$c20230924$lBLL01$h0649
=SID  \\$aZ39$bOCLC
=TCO  \\$aTRS$bCCC$c008

