=LDR  04471cam a22006377a 4500
=001  014600478
=003  Uk
=005  20230924064934.0
=007  cr\mn|||||||||
=008  080418s2008\\\\mau\\\\\\b\\\\000\0\eng\d
=035  \\$a(OCoLC)225522351
=040  \\$aGZM$cGZM$dUk
=042  \\$aukblderived
=043  \\$ad------
=100  1\$aAcemoglu, Daron.
=245  12$aA theory of military dictatorships /$cDaron Acemoglu, Davide Ticchi, Andrea Vindigni.
=260  \\$aCambridge, Mass. :$bNational Bureau of Economic Research,$cc2008.
=300  \\$a61 p. ;$c22 cm.
=336  \\$atext$2rdacontent
=337  \\$acomputer$2rdamedia
=338  \\$aonline resource$2rdacarrier
=490  1\$aNBER working paper series ;$vno. 13915
=500  \\$a"April 2008".
=504  \\$aIncludes bibliographical references (p. 58-61).
=520  \\$aWe investigate how nondemocratic regimes use the military and how this can lead to the emergence of military dictatorships. Nondemocratic regimes need the use of force in order to remain in power, but this creates a political moral hazard problem; a strong military may not simply work as an agent of the elite but may turn against them in order to create a regime more in line with their own objectives. The political moral hazard problem increases the cost of using repression in nondemocratic regimes and in particular, necessitates high wages and policy concessions to the military. When these concessions are not sufficient, the military can take action against a nondemocratic regime in order to create its own dictatorship. A more important consequence of the presence of a strong military is that once transition to democracy takes place, the military poses a coup threat against the nascent democratic regime until it is reformed.The anticipation that the military will be reformed in the future acts as an additional motivation for the military to undertake coups against democratic governments. We show that greater inequality makes the use of the military in nondemocratic regimes more likely and also makes it more difficult for democracies to prevent military coups. In addition, greater inequality also makes it more likely that nondemocratic regimes are unable to solve the political moral hazard problem and thus creates another channel for the emergence of military dictatorships. We also show that greater natural resource rents make military coups against democracies more likely, but have ambiguous effects on the political equilibrium in nondemocracies (because with abundant natural resources, repression becomes more valuable to the elite, but also more expensive to maintain because of the more severe political moral hazard that natural resources induce).Finally, we discuss how the national defense role of the military interacts with its involvement in domestic politics.
=530  \\$aAlso available in PDF from the NBER World Wide Web site (www.nber.org).
=540  \\$aBritish Library not licensed to copy$c0$5Uk
=650  \0$aArmed Forces$xPolitical aspects$zDeveloping countries.
=650  \0$aMilitary government$xEconometric models.
=650  \0$aDictatorship$xEconometric models.
=650  \0$aCoups d'état.
=700  1\$aTicchi, Davide.
=700  1\$aVindigni, Andrea.
=710  2\$aNational Bureau of Economic Research.
=830  \0$aWorking paper series (National Bureau of Economic Research) ;$vworking paper no. 13915.
=852  41$aBritish Library$bDSC$j6067.719500$ino.13915
=856  41$uhttp://www.nber.org/papers/W13915
=ACF  \\$aBritish Library not licensed to copy$c0$e01-oct-2013$hC$iCFP Excluded$5Uk
=CAT  \\$a9504$b40$c20080429$lBLL01$h0957
=CAT  \\$aBATCH-CLA$b00$c20130527$lBLL01$h0131
=CAT  \\$aBATCH-CLA$b00$c20130630$lBLL01$h1630
=CAT  \\$aIPL-CLA$c20130701$lBLL01$h0121
=CAT  \\$aBATCH-CLA$b00$c20130702$lBLL01$h0202
=CAT  \\$aBATCH-CLA$b00$c20130929$lBLL01$h1619
=CAT  \\$aIPL-CLA$c20130930$lBLL01$h1759
=CAT  \\$aBATCH-CLA$b00$c20131202$lBLL01$h0332
=CAT  \\$aIPL-CLA$c20140101$lBLL01$h0054
=CAT  \\$aBATCH-CLA$b00$c20140327$lBLL01$h1829
=CAT  \\$aIPL-CLA$c20140331$lBLL01$h1634
=CAT  \\$aW2308-1659$c20230923$lBLL01$h1122
=CAT  \\$aBATCH-CLA$b00$c20230924$lBLL01$h0649
=CFI  0\$aBritish Library not licensed to copy$c0$e01-apr-2014$hC$iCFP Excluded$5Uk
=FMT  \\$a  BK
=LAS  \\$aBATCH-CLA$b00$c20230924$lBLL01$h0649
=SID  \\$aZ39$bOCLC
=TCO  \\$aTRS$bCCC$c008

