=LDR  04379cam a22007097a 4500
=001  014600482
=003  Uk
=005  20230924064934.0
=007  cr\mn|||||||||
=008  080418s2008\\\\mauab\\\\b\\\\000\0\eng\d
=035  \\$a(OCoLC)225510936
=040  \\$aGZM$cGZM
=042  \\$aukblderived
=043  \\$ae------$ae-gx---
=100  1\$aKeller, Wolfgang,$d1964-
=245  10$aTariffs, trains, and trade :$bthe role of institutions versus technology in the expansion of markets /$cWolfgang Keller, Carol H. Shiue.
=260  \\$aCambridge, Mass. :$bNational Bureau of Economic Research,$cc2008.
=300  \\$a51, [18] p. :$bill., maps ;$c22 cm.
=336  \\$atext$2rdacontent
=337  \\$acomputer$2rdamedia
=338  \\$aonline resource$2rdacarrier
=490  1\$aNBER working paper series ;$vno. 13913
=500  \\$a"April 2008".
=504  \\$aIncludes bibliographical references (p. 40-46).
=520  \\$aWe study the relative importance of technology and institutions as factors determining the size of markets. The setting of 19th century Europe presents a unique opportunity to address this issue, since it witnessed fundamental change in both dimensions. First, Germany went from around 1,800 customs borders to none through the Zollverein customs treaties. Second, it moved from a situation of monetary disorder to currency unification. And third, the 19th century saw the introduction of steam trains, the key technology that revolutionized transportation between markets. Changes in market integration are studied in terms of the spatial dispersion of grain prices in 68 markets with more than 10,000 observations, located in five different countries and fifteen different German states. We find that the emergence of integrated commodity markets in 19th century Europe is in major part due to the transportation revolution in form of the railways. There is evidence that also customs liberalizations and, more so, currency agreements improved trade possibilities. However, the impact of trains was larger than the effect of these institutions: about three times larger over the long horizon, and around 50% larger for the relatively short time horizon of twenty-five years. These results suggest that as significant as institutional factors were for the expansion of markets, technology factors may have been even more important.
=530  \\$aAlso available in PDF from the NBER World Wide Web site (www.nber.org).
=540  \\$aBritish Library not licensed to copy$c0$5Uk
=650  \0$aCommodity exchanges$zEurope$y19th century.
=650  \0$aCommodity exchanges$zGermany$y19th century.
=650  \0$aRailroads$xEconomic aspects$zEurope$y19th century.
=650  \0$aRailroads$xEconomic aspects$zGermany$y19th century.
=650  \0$aTariff$zEurope$y19th century.
=650  \0$aTariff$zGermany$y19th century.
=650  \0$aMonetary unions$zGermany$y19th century.
=651  \0$aEurope$xCommerce$y19th century$xEconometric models.
=651  \0$aGermany$xCommerce$y19th century$xEconometric models.
=700  1\$aShiue, Carol H.$q(Carol Hua).
=710  2\$aNational Bureau of Economic Research.
=830  \0$aWorking paper series (National Bureau of Economic Research) ;$vworking paper no. 13913.
=852  41$aBritish Library$bDSC$j6067.719500$ino.13913
=856  41$uhttp://www.nber.org/papers/W13913
=ACF  \\$aBritish Library not licensed to copy$c0$e01-oct-2013$hC$iCFP Excluded$5Uk
=CAT  \\$a9504$b40$c20080429$lBLL01$h1003
=CAT  \\$aBATCH-CLA$b00$c20130527$lBLL01$h0131
=CAT  \\$aBATCH-CLA$b00$c20130630$lBLL01$h1630
=CAT  \\$aIPL-CLA$c20130701$lBLL01$h0121
=CAT  \\$aBATCH-CLA$b00$c20130702$lBLL01$h0202
=CAT  \\$aBATCH-CLA$b00$c20130929$lBLL01$h1619
=CAT  \\$aIPL-CLA$c20130930$lBLL01$h1759
=CAT  \\$aBATCH-CLA$b00$c20131202$lBLL01$h0332
=CAT  \\$aIPL-CLA$c20140101$lBLL01$h0054
=CAT  \\$aBATCH-CLA$b00$c20140327$lBLL01$h1829
=CAT  \\$aIPL-CLA$c20140331$lBLL01$h1634
=CAT  \\$aBATCH-UPD$b00$c20170731$lBLL01$h2032
=CAT  \\$aW2308-1659$c20230923$lBLL01$h1122
=CAT  \\$aBATCH-CLA$b00$c20230924$lBLL01$h0649
=CFI  0\$aBritish Library not licensed to copy$c0$e01-apr-2014$hC$iCFP Excluded$5Uk
=FIN  \\$aY$d20080429
=FMT  \\$a  BK
=LAS  \\$aBATCH-CLA$b00$c20230924$lBLL01$h0649
=SID  \\$aZ39$bOCLC
=TCO  \\$aTRS$bCCC$c008

