=LDR  03695cam a22006617a 4500
=001  014600518
=003  Uk
=005  20230924064934.0
=007  cr\mn|||||||||
=008  080418s2008\\\\maua\\\\\b\\\\000\0\eng\d
=035  \\$a(OCoLC)225508756
=040  \\$aGZM$cGZM$dUk
=042  \\$aukblderived
=043  \\$ae-gx---
=100  1\$aGiavazzi, Francesco.
=245  10$aPolicy uncertainty and precautionary savings /$cFrancesco Giavazzi, Michael McMahon.
=260  \\$aCambridge, Mass. :$bNational Bureau of Economic Research,$cc2008.
=300  \\$a22, [15] p. :$bill. ;$c22 cm.
=336  \\$atext$2rdacontent
=337  \\$acomputer$2rdamedia
=338  \\$aonline resource$2rdacarrier
=490  1\$aNBER working paper series ;$vno. 13911
=500  \\$a"April 2008".
=504  \\$aIncludes bibliographical references (p. 21-22).
=520  \\$aIn 1997 Chancellor Kohl proposed a major pension reform and pushed the law through Parliament explaining that the German PAYG system had become unsustainable. One limitation of the new law -- one that is crucial for our identification strategy -- is that it left the generous pension entitlements of civil servants intact. The year after, in 1998, Kohl lost the elections and was replaced by Gerhard Shroeder. One of the first decisions of the new Chancellor was to revoke the 1997 pension reform. We use the quasi-experiment of the adoption and subsequent revocation of the pension reform to study how households reacted to the increase in uncertainty about the future path of income that such an event produced. Our estimates are obtained from a diff-in-diff estimator: this helps us overcome the identification problem that often affects measures of precautionary saving. Departing from the majority of studies on precautionary saving we also analyze households' response in terms of labor market choices: we find evidence of a labor supply response by those workers who can use the margin offered by part-time employment.
=530  \\$aAlso available in PDF from the NBER World Wide Web site (www.nber.org).
=540  \\$aBritish Library not licensed to copy$c0$5Uk
=650  \0$aSocial security$zGermany.
=650  \0$aSaving and investment$zGermany.
=650  \0$aLabor market$zGermany.
=700  1\$aMcMahon, Michael,$d1979-
=710  2\$aNational Bureau of Economic Research.
=830  \0$aWorking paper series (National Bureau of Economic Research) ;$vworking paper no. 13911.
=852  41$aBritish Library$bDSC$j6067.719500$ino.13911
=856  41$uhttp://www.nber.org/papers/W13911
=ACF  \\$aBritish Library not licensed to copy$c0$e01-oct-2013$hC$iCFP Excluded$5Uk
=CAT  \\$a9504$b40$c20080429$lBLL01$h1039
=CAT  \\$aBATCH-UPD$b40$c20101101$lBLL01$h0005
=CAT  \\$aBATCH-CLA$b00$c20130527$lBLL01$h0131
=CAT  \\$aBATCH-CLA$b00$c20130630$lBLL01$h1630
=CAT  \\$aIPL-CLA$c20130701$lBLL01$h0121
=CAT  \\$aBATCH-CLA$b00$c20130702$lBLL01$h0202
=CAT  \\$aBATCH-CLA$b00$c20130929$lBLL01$h1619
=CAT  \\$aIPL-CLA$c20130930$lBLL01$h1759
=CAT  \\$aBATCH-CLA$b00$c20131202$lBLL01$h0332
=CAT  \\$aIPL-CLA$c20140101$lBLL01$h0054
=CAT  \\$aBATCH-CLA$b00$c20140327$lBLL01$h1829
=CAT  \\$aIPL-CLA$c20140331$lBLL01$h1634
=CAT  \\$aBATCH-UPD$b00$c20210402$lBLL01$h2047
=CAT  \\$aBATCH-CLA$b00$c20210403$lBLL01$h0104
=CAT  \\$aW2308-1659$c20230923$lBLL01$h1122
=CAT  \\$aBATCH-CLA$b00$c20230924$lBLL01$h0649
=CFI  0\$aBritish Library not licensed to copy$c0$e01-apr-2014$hC$iCFP Excluded$5Uk
=FIN  \\$aY$d20080429
=FMT  \\$a  BK
=LAS  \\$aBATCH-CLA$b00$c20230924$lBLL01$h0649
=SID  \\$aZ39$bOCLC
=TCO  \\$aTRS$bCCC$c008

