=LDR  04058cam a22006497a 4500
=001  014600893
=003  Uk
=005  20230924064934.0
=007  cr\mn|||||||||
=008  080418s2008\\\\maua\\\\\b\\\\000\0\eng\d
=035  \\$a(OCoLC)225532626
=040  \\$aGZM$cGZM$dUk
=042  \\$aukblderived
=043  \\$an-us---
=100  1\$aDuggan, Mark G.$q(Mark Gregory)
=245  14$aThe effect of Medicare Part D on pharmaceutical prices and utilization /$cMark Duggan, Fiona Scott Morton.
=260  \\$aCambridge, Mass. :$bNational Bureau of Economic Research,$cc2008.
=300  \\$a37, [10] p. :$bill. ;$c22 cm.
=336  \\$atext$2rdacontent
=337  \\$acomputer$2rdamedia
=338  \\$aonline resource$2rdacarrier
=490  1\$aNBER working paper series ;$vno. 13917
=500  \\$a"April 2008".
=504  \\$aIncludes bibliographical references (p. 36-37).
=520  \\$aOn January 1, 2006, the federal government began providing insurance coverage for Medicare recipients' prescription drug expenditures through a new program known as Medicare Part D. Rather than setting pharmaceutical prices itself, the government contracted with private insurance plans to provide this coverage. Enrollment in Part D was voluntary, with each Medicare recipient allowed to choose from one of the private insurers with a contract to offer coverage in her geographic region. This paper evaluates the effect of this program on the price and utilization of pharmaceutical treatments. Theoretically, it is ambiguous whether the expansion in insurance coverage would increase or reduce pharmaceutical prices. Insurance-induced reductions in demand elasticities would predict an increase in pharmaceutical firms' optimal prices. However, Part D plans could potentially negotiate price discounts through their ability to influence the market share of specific treatments. Using data on product-specific prices and quantities sold in each year in the U.S., our findings indicate that Part D substantially lowered the average price and increased the total utilization of prescription drugs by Medicare recipients. Our results further suggest that the magnitude of these average effects varies across drugs as predicted by economic theory.
=530  \\$aAlso available in PDF from the NBER World Wide Web site (www.nber.org).
=540  \\$aBritish Library not licensed to copy$c0$5Uk
=610  10$aUnited States.$tMedicare Prescription Drug, Improvement, and Modernization Act of 2003$xEconomic aspects.
=650  \0$aDrugs$xPrices$zUnited States$xEconometric models.
=650  \0$aDrug utilization$zUnited States$xEconometric models.
=650  \0$aInsurance, Pharmaceutical services$xEconomic aspects$zUnited States.
=650  \0$aMedicare$xEconomic aspects$zUnited States.
=700  1\$aScott Morton, Fiona.
=710  2\$aNational Bureau of Economic Research.
=830  \0$aWorking paper series (National Bureau of Economic Research) ;$vworking paper no. 13917.
=852  41$aBritish Library$bDSC$j6067.719500$ino. 13917
=856  41$uhttp://www.nber.org/papers/W13917
=ACF  \\$aBritish Library not licensed to copy$c0$e01-oct-2013$hC$iCFP Excluded$5Uk
=CAT  \\$a10775$b40$c20080429$lBLL01$h1340
=CAT  \\$aBATCH-CLA$b00$c20130527$lBLL01$h0131
=CAT  \\$aBATCH-CLA$b00$c20130630$lBLL01$h1630
=CAT  \\$aIPL-CLA$c20130701$lBLL01$h0121
=CAT  \\$aBATCH-CLA$b00$c20130702$lBLL01$h0202
=CAT  \\$aBATCH-CLA$b00$c20130929$lBLL01$h1619
=CAT  \\$aIPL-CLA$c20130930$lBLL01$h1759
=CAT  \\$aBATCH-CLA$b00$c20131202$lBLL01$h0332
=CAT  \\$aIPL-CLA$c20140101$lBLL01$h0054
=CAT  \\$aBATCH-CLA$b00$c20140327$lBLL01$h1829
=CAT  \\$aIPL-CLA$c20140331$lBLL01$h1634
=CAT  \\$aW2308-1659$c20230923$lBLL01$h1122
=CAT  \\$aBATCH-CLA$b00$c20230924$lBLL01$h0649
=CFI  0\$aBritish Library not licensed to copy$c0$e01-apr-2014$hC$iCFP Excluded$5Uk
=FIN  \\$aY$d20080429
=FMT  \\$a  BK
=LAS  \\$aBATCH-CLA$b00$c20230924$lBLL01$h0649
=SID  \\$aZ39$bOCLC
=TCO  \\$aTRS$bCCC$c008

