=LDR  03607cam a22006257a 4500
=001  014600910
=003  Uk
=005  20230924064934.0
=007  cr\mn|||||||||
=008  080418s2008\\\\maua\\\\\b\\\\000\0\eng\d
=035  \\$a(OCoLC)225540311
=040  \\$aGZM$cGZM$dUk
=042  \\$aukblderived
=100  1\$aBerentsen, Aleksander.
=245  10$aInflation and unemployment in the long run /$cAleksander Berentsen, Guido Menzio, Randall Wright.
=260  \\$aCambridge, Mass. :$bNational Bureau of Economic Research,$cc2008.
=300  \\$a45, [28] p. :$bill. ;$c22 cm.
=336  \\$atext$2rdacontent
=337  \\$acomputer$2rdamedia
=338  \\$aonline resource$2rdacarrier
=490  1\$aNBER working paper series ;$vno. 13924
=500  \\$a"April 2008".
=504  \\$aIncludes bibliographical references (p. 41-45).
=520  \\$aWe study the long-run relation between money, measured by inflation or interest rates, and unemployment. We first discuss data, documenting a strong positive relation between the variables at low frequencies. We then develop a framework where both money and unemployment are modeled using explicit microfoundations, integrating and extending recent work in macro and monetary economics, and providing a unified theory to analyze labor and goods markets. We calibrate the model, to ask how monetary factors account quantitatively for low-frequency labor market behavior. The answer depends on two key parameters: the elasticity of money demand, which translates monetary policy to real balances and profits; and the value of leisure, which affects the transmission from profits to entry and employment. For conservative parameterizations, money accounts for some but not that much of trend unemployment -- by one measure, about 1/5 of the increase during the stagflation episode of the 70s can be explained by monetary policy alone. For less conservative but still reasonable parameters, money accounts for almost all low-frequency movement in unemployment over the last half century.
=530  \\$aAlso available in PDF from the NBER World Wide Web site (www.nber.org).
=540  \\$aBritish Library not licensed to copy$c0$5Uk
=650  \0$aUnemployment$xEconometric models.
=650  \0$aInflation (Finance)
=650  \0$aMonetary policy.
=700  1\$aMenzio, Guido.
=700  1\$aWright, Randall,$d1956-
=710  2\$aNational Bureau of Economic Research.
=830  \0$aWorking paper series (National Bureau of Economic Research) ;$vworking paper no. 13924.
=852  41$aBritish Library$bDSC$j6067.719500$ino. 13924
=856  41$uhttp://www.nber.org/papers/W13924
=ACF  \\$aBritish Library not licensed to copy$c0$e01-oct-2013$hC$iCFP Excluded$5Uk
=CAT  \\$a10775$b40$c20080429$lBLL01$h1351
=CAT  \\$aBATCH-CLA$b00$c20130527$lBLL01$h0131
=CAT  \\$aBATCH-CLA$b00$c20130630$lBLL01$h1630
=CAT  \\$aIPL-CLA$c20130701$lBLL01$h0121
=CAT  \\$aBATCH-CLA$b00$c20130702$lBLL01$h0202
=CAT  \\$aBATCH-CLA$b00$c20130929$lBLL01$h1619
=CAT  \\$aIPL-CLA$c20130930$lBLL01$h1759
=CAT  \\$aBATCH-CLA$b00$c20131202$lBLL01$h0332
=CAT  \\$aIPL-CLA$c20140101$lBLL01$h0054
=CAT  \\$aBATCH-CLA$b00$c20140327$lBLL01$h1829
=CAT  \\$aIPL-CLA$c20140331$lBLL01$h1634
=CAT  \\$aW2308-1659$c20230923$lBLL01$h1122
=CAT  \\$aBATCH-CLA$b00$c20230924$lBLL01$h0649
=CFI  0\$aBritish Library not licensed to copy$c0$e01-apr-2014$hC$iCFP Excluded$5Uk
=FIN  \\$aY$d20080429
=FMT  \\$a  BK
=LAS  \\$aBATCH-CLA$b00$c20230924$lBLL01$h0649
=SID  \\$aZ39$bOCLC
=TCO  \\$aTRS$bCCC$c008

