=LDR  03657cam a22006257a 4500
=001  014600955
=003  Uk
=005  20230924064934.0
=007  cr\mn|||||||||
=008  080418s2008\\\\maua\\\\\b\\\\000\0\eng\d
=035  \\$a(OCoLC)225541804
=040  \\$aGZM$cGZM$dUk
=042  \\$aukblderived
=100  1\$aHnatkovska, Viktoria.
=245  10$aInterest rates and the exchange rate :$ba non-monotonic tale /$cViktoria Hnatkovska, Amartya Lahiri, Carlos A. Vegh.
=260  \\$aCambridge, Mass. :$bNational Bureau of Economic Research,$cc2008.
=300  \\$a41 p. :$bill. ;$c22 cm.
=336  \\$atext$2rdacontent
=337  \\$acomputer$2rdamedia
=338  \\$aonline resource$2rdacarrier
=490  1\$aNBER working paper series ;$vno. 13925
=500  \\$a"April 2008".
=504  \\$aIncludes bibliographical references (p. 40-41).
=520  \\$aWhat is the relationship between interest rates and the exchange rate? The empirical literature in this area has been inconclusive. We use an optimizing model of a small open economy to rationalize the mixed empirical findings. The model has three key margins. First, higher domestic interest rates raise the demand for deposits, and, hence, the money base. Second, firms need bank loans to finance the wage bill, which reduces output when domestic interest rates increase. Lastly, higher interest rates raise the government₂s fiscal burden, and, therefore, can lead to higher expected inflation. While the first effect tends to appreciate the currency, the remaining two effects tend to depreciate it. We then conduct policy experiments using a calibrated version of the model and show the central result of the paper: the relationship between interest rates and the exchange rate is non-monotonic. In particular, the exchange rate response depends on the size of the interest rate increase and on the initial level of the interest rate. Moreover, we also show that the model can replicate the heterogeneous responses of the exchange rate to interest rate innovations in several developing economies.
=530  \\$aAlso available in PDF from the NBER World Wide Web site (www.nber.org).
=540  \\$aBritish Library not licensed to copy$c0$5Uk
=650  \0$aInterest rates.
=650  \0$aForeign exchange rates$xEconometric models.
=650  \0$aMonetary policy.
=700  1\$aLahiri, Amartya.
=700  1\$aVégh Gramont, Carlos A.,$d1958-
=710  2\$aNational Bureau of Economic Research.
=830  \0$aWorking paper series (National Bureau of Economic Research) ;$vworking paper no. 13925.
=852  41$aBritish Library$bDSC$j6067.719500$ino. 13925
=856  41$uhttp://www.nber.org/papers/W13925
=ACF  \\$aBritish Library not licensed to copy$c0$e01-oct-2013$hC$iCFP Excluded$5Uk
=CAT  \\$a10775$b40$c20080429$lBLL01$h1415
=CAT  \\$aBATCH-CLA$b00$c20130527$lBLL01$h0131
=CAT  \\$aBATCH-CLA$b00$c20130630$lBLL01$h1630
=CAT  \\$aIPL-CLA$c20130701$lBLL01$h0121
=CAT  \\$aBATCH-CLA$b00$c20130702$lBLL01$h0202
=CAT  \\$aBATCH-CLA$b00$c20130929$lBLL01$h1619
=CAT  \\$aIPL-CLA$c20130930$lBLL01$h1759
=CAT  \\$aBATCH-CLA$b00$c20131202$lBLL01$h0332
=CAT  \\$aIPL-CLA$c20140101$lBLL01$h0054
=CAT  \\$aBATCH-CLA$b00$c20140327$lBLL01$h1829
=CAT  \\$aIPL-CLA$c20140331$lBLL01$h1634
=CAT  \\$aW2308-1659$c20230923$lBLL01$h1122
=CAT  \\$aBATCH-CLA$b00$c20230924$lBLL01$h0649
=CFI  0\$aBritish Library not licensed to copy$c0$e01-apr-2014$hC$iCFP Excluded$5Uk
=FIN  \\$aY$d20080429
=FMT  \\$a  BK
=LAS  \\$aBATCH-CLA$b00$c20230924$lBLL01$h0649
=SID  \\$aZ39$bOCLC
=TCO  \\$aTRS$bCCC$c008

