=LDR  04264cam a22006257a 4500
=001  014620443
=003  Uk
=005  20230924064935.0
=007  cr\mn|||||||||
=008  080506s2008\\\\maua\\\\\b\\\\000\0\eng\d
=035  \\$a(OCoLC)227106729
=040  \\$aGZM$cGZM
=042  \\$aukblderived
=043  \\$an-us---
=100  1\$aMeer, Jonathan.
=245  14$aThe impact of athletic performance on alumni giving :$ban analysis of micro data /$cJonathan Meer, Harvey S. Rosen.
=260  \\$aCambridge, Mass. :$bNational Bureau of Economic Research,$cc2008.
=300  \\$a27 p. :$bill. ;$c22 cm.
=336  \\$atext$2rdacontent
=337  \\$acomputer$2rdamedia
=338  \\$aonline resource$2rdacarrier
=490  1\$aNBER working paper series ;$vno. 13937
=500  \\$a"April 2008".
=504  \\$aIncludes bibliographical references (p. 17-18).
=520  \\$aAn ongoing controversy in the literature on the economics of higher education centers on whether the success of a school's athletic program affects alumni donations. This paper uses a unique data set to investigate this issue. The data contain detailed information about donations made by alumni of a selective research university as well as a variety of their economic and de-mographic characteristics. One important question is how to characterize the success of an athletic program. We focus not only on the performance of the most visible teams, football and basketball, but also on the success of the team on which he or she played as an undergraduate. One of our key findings is that the impact of athletic success on donations differs for men and women. When a male graduate's former team wins its conference championship, his donations for general purposes increase by about 7 percent and his donations to the athletic program increase by about the same percentage. Football and basketball records generally have small and statistically insignificant effects; in some specifications, a winning basketball season reduces donations. For women there is no statistically discernible effect of a former team's success on current giving; as is the case for men, the impacts of football and basketball, while statistically significant in some specifications, are not important in magnitude. Another novel result is that for males, varsity athletes whose teams were successful when they were undergraduates subsequently make larger donations to the athletic program. For example, if a male alumnus's team won its conference championship during his senior year, his subsequent giving to the athletic program is about 8 percent a year higher, ceteris paribus.
=530  \\$aAlso available in PDF from the NBER World Wide Web site (www.nber.org).
=540  \\$aBritish Library not licensed to copy$c0$5Uk
=650  \0$aCollege sports$xEconomic aspects$zUnited States.
=650  \0$aUniversities and colleges$xAlumni and alumnae$xCharitable contributions$zUnited States.
=700  1\$aRosen, Harvey S.
=710  2\$aNational Bureau of Economic Research.
=830  \0$aWorking paper series (National Bureau of Economic Research) ;$vworking paper no. 13937.
=852  41$aBritish Library$bDSC$j6067.719500$ino.13937
=856  41$uhttp://www.nber.org/papers/W13937
=ACF  \\$aBritish Library not licensed to copy$c0$e01-oct-2013$hC$iCFP Excluded$5Uk
=CAT  \\$a9504$b40$c20080520$lBLL01$h1138
=CAT  \\$a9504$b40$c20080520$lBLL01$h1139
=CAT  \\$aBATCH-CLA$b00$c20130527$lBLL01$h0131
=CAT  \\$aBATCH-CLA$b00$c20130630$lBLL01$h1630
=CAT  \\$aIPL-CLA$c20130701$lBLL01$h0121
=CAT  \\$aBATCH-CLA$b00$c20130702$lBLL01$h0202
=CAT  \\$aBATCH-CLA$b00$c20130929$lBLL01$h1619
=CAT  \\$aIPL-CLA$c20130930$lBLL01$h1759
=CAT  \\$aBATCH-CLA$b00$c20131202$lBLL01$h0332
=CAT  \\$aIPL-CLA$c20140101$lBLL01$h0055
=CAT  \\$aBATCH-CLA$b00$c20140327$lBLL01$h1829
=CAT  \\$aIPL-CLA$c20140331$lBLL01$h1634
=CAT  \\$aW2308-1659$c20230923$lBLL01$h1123
=CAT  \\$aBATCH-CLA$b00$c20230924$lBLL01$h0649
=CFI  0\$aBritish Library not licensed to copy$c0$e01-apr-2014$hC$iCFP Excluded$5Uk
=FIN  \\$aY$d20080520
=FMT  \\$a  BK
=LAS  \\$aBATCH-CLA$b00$c20230924$lBLL01$h0649
=SID  \\$aZ39$bOCLC
=TCO  \\$aTRS$bCCC$c008

