=LDR  03905cam a22006137a 4500
=001  014620471
=003  Uk
=005  20230924064935.0
=007  cr\mn|||||||||
=008  080506s2008\\\\maua\\\\\b\\\\000\0\eng\d
=035  \\$a(OCoLC)227129155
=040  \\$aGZM$cGZM$dUk
=042  \\$aukblderived
=100  10$aReinhart, Carmen M.
=245  14$aThe forgotten history of domestic debt /$cCarmen M. Reinhart, Kenneth S. Rogoff.
=260  \\$aCambridge, Mass. :$bNational Bureau of Economic Research,$cc2008.
=300  \\$a48 p. :$bill. ;$c22 cm.
=336  \\$atext$2rdacontent
=337  \\$acomputer$2rdamedia
=338  \\$aonline resource$2rdacarrier
=490  1\$aNBER working paper series ;$vno. 13946
=500  \\$a"April 2008".
=504  \\$aIncludes bibliographical references (p. 29-32).
=520  \\$aThere is a rich scholarly literature on sovereign default on external debt. Comparatively little is known about sovereign defaults on domestic debt. Even today, cross-country data on domestic public debt remains curiously exotic, particularly prior to the 1980s. We have filled this gap in the literature by compiling a database on central government public debt (external and domestic). The data span 1914 to 2007 for most countries, reaching back into the nineteenth century for many. Our findings on debt sustainability, sovereign defaults, the temptation to inflate, and the hierarchy of creditors only scratch the surface of what the domestic public debt data can reveal. First, domestic debt is big -- for the 64 countries for which we have long time series, domestic debt accounts for almost two-thirds of total public debt. For most of the sample, this debt carries a market interest rate (except for the financial repression era between WWII and financial liberalization). Second, the data go a long ways toward explaining the puzzle of why countries so often default on their external debts at seemingly low debt thresholds. Third, domestic debt has largely been ignored in the vast empirical work on inflation. In fact, domestic debt (a significant portion of which is long term and non-indexed) is often much larger than the monetary base in the run-up to high inflation episodes. Last, the widely-held view that domestic residents are strictly junior to external creditors does not find broad support.
=530  \\$aAlso available in PDF from the NBER World Wide Web site (www.nber.org).
=540  \\$aBritish Library not licensed to copy$c0$5Uk
=650  \0$aDebts, Public$xHistory.
=650  \0$aInflation (Finance)$xEconometric models.
=700  1\$aRogoff, Kenneth S.
=710  2\$aNational Bureau of Economic Research.
=830  \0$aWorking paper series (National Bureau of Economic Research) ;$vworking paper no. 13946.
=852  41$aBritish Library$bDSC$j6067.719500$ino.13946
=856  41$uhttp://www.nber.org/papers/W13946
=ACF  \\$aBritish Library not licensed to copy$c0$e01-oct-2013$hC$iCFP Excluded$5Uk
=CAT  \\$a9504$b40$c20080520$lBLL01$h1151
=CAT  \\$aBATCH-CLA$b00$c20130527$lBLL01$h0131
=CAT  \\$aBATCH-CLA$b00$c20130630$lBLL01$h1630
=CAT  \\$aIPL-CLA$c20130701$lBLL01$h0121
=CAT  \\$aBATCH-CLA$b00$c20130702$lBLL01$h0202
=CAT  \\$aBATCH-CLA$b00$c20130929$lBLL01$h1619
=CAT  \\$aIPL-CLA$c20130930$lBLL01$h1759
=CAT  \\$aBATCH-CLA$b00$c20131202$lBLL01$h0332
=CAT  \\$aIPL-CLA$c20140101$lBLL01$h0055
=CAT  \\$aBATCH-CLA$b00$c20140327$lBLL01$h1829
=CAT  \\$aIPL-CLA$c20140331$lBLL01$h1634
=CAT  \\$aBATCH-UPD$b00$c20161013$lBLL01$h2049
=CAT  \\$aW2308-1659$c20230923$lBLL01$h1123
=CAT  \\$aBATCH-CLA$b00$c20230924$lBLL01$h0649
=CFI  0\$aBritish Library not licensed to copy$c0$e01-apr-2014$hC$iCFP Excluded$5Uk
=FIN  \\$aY$d20080520
=FMT  \\$a  BK
=LAS  \\$aBATCH-CLA$b00$c20230924$lBLL01$h0649
=SID  \\$aZ39$bOCLC
=TCO  \\$aTRS$bCCC$c008

