=LDR  03370cam a22006017a 4500
=001  014620479
=003  Uk
=005  20230924064935.0
=007  cr\mn|||||||||
=008  080506s2008\\\\mau\\\\\\b\\\\000\0\eng\d
=035  \\$a(OCoLC)227135720
=040  \\$aGZM$cGZM$dUk
=042  \\$aukblderived
=100  1\$aMishkin, Frederic S.
=245  10$aGlobalization, macroeconomic performance, and monetary policy /$cFrederic S. Mishkin.
=260  \\$aCambridge, Mass. :$bNational Bureau of Economic Research,$cc2008.
=300  \\$a15 p. ;$c22 cm.
=336  \\$atext$2rdacontent
=337  \\$acomputer$2rdamedia
=338  \\$aonline resource$2rdacarrier
=490  1\$aNBER working paper series ;$vno. 13948
=500  \\$a"April 2008".
=504  \\$aIncludes bibliographical references (p. 13-14).
=520  \\$aThe paper argues that many of the exaggerated claims that globalization has been an important factor in lowering inflation in recent years just do not hold up. Globalization does, however, have the potential to be stabilizing for individual economies and has been a key factor in promoting economic growth. The paper then examines four questions about the impact of globalization on the monetary transmission mechanism and arrives at the following answers: (1) Has globalization led to a decline in the sensitivity of inflation to domestic output gaps and thus to domestic monetary policy? No. (2) Are foreign output gaps playing a more prominent role in the domestic inflation process, so that domestic monetary policy has more difficulty stabilizing inflation? No. (3) Can domestic monetary policy still control domestic interest rates and so stabilize both inflation and output? Yes. (4) Are there other ways, besides possible influences on inflation and interest rates, in which globalization may have affected the transmission mechanism of monetary policy? Yes.
=530  \\$aAlso available in PDF from the NBER World Wide Web site (www.nber.org).
=540  \\$aBritish Library not licensed to copy$c0$5Uk
=650  \0$aGlobalization.
=650  \0$aMonetary policy.
=650  \0$aInflation (Finance)
=710  2\$aNational Bureau of Economic Research.
=830  \0$aWorking paper series (National Bureau of Economic Research) ;$vworking paper no. 13948.
=852  41$aBritish Library$bDSC$j6067.719500$ino.13948
=856  41$uhttp://www.nber.org/papers/W13948
=ACF  \\$aBritish Library not licensed to copy$c0$e01-oct-2013$hC$iCFP Excluded$5Uk
=CAT  \\$a9504$b40$c20080520$lBLL01$h1157
=CAT  \\$aBATCH-CLA$b00$c20130527$lBLL01$h0131
=CAT  \\$aBATCH-CLA$b00$c20130630$lBLL01$h1630
=CAT  \\$aIPL-CLA$c20130701$lBLL01$h0121
=CAT  \\$aBATCH-CLA$b00$c20130702$lBLL01$h0202
=CAT  \\$aBATCH-CLA$b00$c20130929$lBLL01$h1619
=CAT  \\$aIPL-CLA$c20130930$lBLL01$h1759
=CAT  \\$aBATCH-CLA$b00$c20131202$lBLL01$h0332
=CAT  \\$aIPL-CLA$c20140101$lBLL01$h0055
=CAT  \\$aBATCH-CLA$b00$c20140327$lBLL01$h1829
=CAT  \\$aIPL-CLA$c20140331$lBLL01$h1634
=CAT  \\$aW2308-1659$c20230923$lBLL01$h1123
=CAT  \\$aBATCH-CLA$b00$c20230924$lBLL01$h0649
=CFI  0\$aBritish Library not licensed to copy$c0$e01-apr-2014$hC$iCFP Excluded$5Uk
=FIN  \\$aY$d20080520
=FMT  \\$a  BK
=LAS  \\$aBATCH-CLA$b00$c20230924$lBLL01$h0649
=SID  \\$aZ39$bOCLC
=TCO  \\$aTRS$bCCC$c008

