=LDR  03806cam a22006377a 4500
=001  014620487
=003  Uk
=005  20230924064935.0
=007  cr\mn|||||||||
=008  080506s2008\\\\mau\\\\\\b\\\\000\0\eng\d
=035  \\$a(OCoLC)227145452
=040  \\$aGZM$cGZM$dUk
=042  \\$aukblderived
=100  10$aDimand, Robert W.$q(Robert William)
=245  10$aTrevor Swan and the neoclassical growth model /$cRobert W. Dimand, Barbara J. Spencer.
=260  \\$aCambridge, Mass. :$bNational Bureau of Economic Research,$cc2008.
=300  \\$a23 p. ;$c22 cm.
=336  \\$atext$2rdacontent
=337  \\$acomputer$2rdamedia
=338  \\$aonline resource$2rdacarrier
=490  1\$aNBER working paper series ;$vno. 13950
=500  \\$a"April 2008".
=504  \\$aIncludes bibliographical references (p. 20-23).
=520  \\$aTrevor Swan independently developed the neoclassical growth model, publishing Swan (1956) ten months later than Solow (1956), but analyzing technical progress before Solow (1957). These independent contributions are sometimes recognized by reference to the "Solow-Swan growth model", but more commonly reference is made only to the "Solow growth model". This paper examines the history of Swan's development of the growth model, the similarities and differences between the approaches of Swan and Solow and the reasons why Swan's contribution has been overshadowed. We draw on unpublished work to show that in 1950, Swan had set out a number of the basic ideas of his growth model in a verbal format. In 1956, Swan published only a simplified version of his model based on a Cobb-Douglas production function. Swan's original and more general model (circulated in July 1956), was published only posthumously in 2002. This reluctance to publish was consistent with his perhaps counterproductive modesty and perfectionism. His well known paper, "Longer run problems of the Balance of Payments" was circulated in 1955, eight years before publication in 1963. His pioneering work in 1945, developing the first macroeconomic model of the Australian economy, was published posthumously in 1989.
=530  \\$aAlso available in PDF from the NBER World Wide Web site (www.nber.org).
=540  \\$aBritish Library not licensed to copy$c0$5Uk
=600  10$aSwan, Trevor.
=650  \0$aEconomic development$xMathematical models$xHistory.
=650  \0$aNeoclassical school of economics$xHistory.
=700  1\$aSpencer, Barbara J.
=710  2\$aNational Bureau of Economic Research.
=830  \0$aWorking paper series (National Bureau of Economic Research) ;$vworking paper no. 13950.
=852  41$aBritish Library$bDSC$j6067.719500$ino.13950
=856  41$uhttp://www.nber.org/papers/W13950
=ACF  \\$aBritish Library not licensed to copy$c0$e01-oct-2013$hC$iCFP Excluded$5Uk
=CAT  \\$a9504$b40$c20080520$lBLL01$h1201
=CAT  \\$aBATCH-CLA$b00$c20130527$lBLL01$h0131
=CAT  \\$aBATCH-CLA$b00$c20130630$lBLL01$h1630
=CAT  \\$aIPL-CLA$c20130701$lBLL01$h0121
=CAT  \\$aBATCH-CLA$b00$c20130702$lBLL01$h0202
=CAT  \\$aBATCH-CLA$b00$c20130929$lBLL01$h1619
=CAT  \\$aIPL-CLA$c20130930$lBLL01$h1759
=CAT  \\$aBATCH-CLA$b00$c20131202$lBLL01$h0332
=CAT  \\$aIPL-CLA$c20140101$lBLL01$h0055
=CAT  \\$aBATCH-CLA$b00$c20140327$lBLL01$h1829
=CAT  \\$aIPL-CLA$c20140331$lBLL01$h1634
=CAT  \\$aBATCH-UPD$b00$c20211217$lBLL01$h2100
=CAT  \\$aBATCH-CLA$b00$c20211218$lBLL01$h0139
=CAT  \\$aW2308-1659$c20230923$lBLL01$h1123
=CAT  \\$aBATCH-CLA$b00$c20230924$lBLL01$h0649
=CFI  0\$aBritish Library not licensed to copy$c0$e01-apr-2014$hC$iCFP Excluded$5Uk
=FIN  \\$aY$d20080520
=FMT  \\$a  BK
=LAS  \\$aBATCH-CLA$b00$c20230924$lBLL01$h0649
=SID  \\$aZ39$bOCLC
=TCO  \\$aTRS$bCCC$c008

