=LDR  03517cam a22006137a 4500
=001  014620500
=003  Uk
=005  20230924064935.0
=007  cr\mn|||||||||
=008  080507s2008\\\\maua\\\\\b\\\\000\0\eng\d
=035  \\$a(OCoLC)227167626
=040  \\$aGZM$cGZM$dUk
=042  \\$aukblderived
=245  04$aThe struggle for Palestinian hearts and minds :$bviolence and public opinion in the Second Intifada /$cDavid A. Jaeger ... [et al.].
=260  \\$aCambridge, Mass. :$bNational Bureau of Economic Research,$cc2008.
=300  \\$a33, [14] p. :$bill. ;$c22 cm.
=336  \\$atext$2rdacontent
=337  \\$acomputer$2rdamedia
=338  \\$aonline resource$2rdacarrier
=490  1\$aNBER working paper series ;$vno. 13956
=500  \\$a"April 2008".
=504  \\$aIncludes bibliographical references (p. 29-30).
=520  \\$ahis paper examines how violence in the Second Intifada influences Palestinian public opinion. Using micro data from a series of opinion polls linked to data on fatalities, we find that Israeli violence against Palestinians leads them to support more radical factions and more radical attitudes towards the conflict. This effect is temporary, however, and vanishes completely within 90 days. We also find some evidence that Palestinian fatalities lead to the polarization of the population and to increased disaffection and a lack of support for any faction. Geographically proximate Palestinian fatalities have a larger effect than those that are distant, while Palestinian fatalities in targeted killings have a smaller effect relative to other fatalities. Although overall Israeli fatalities do not seem to affect Palestinian public opinion, when we divide those fatalities by the different factions claiming responsibility for them, we find some evidence that increased Israeli fatalities are effective in increasing support for the faction that claimed them.
=530  \\$aAlso available in PDF from the NBER World Wide Web site (www.nber.org).
=540  \\$aBritish Library not licensed to copy$c0$5Uk
=650  \0$aAl-Aqsa Intifada, 2000-
=650  \0$aArab-Israeli conflict$xPublic opinion.
=650  \0$aViolence$xPolitical aspects$zPalestine.
=650  \0$aPublic opinion$zPalestine.
=700  1\$aJaeger, David A.
=710  2\$aNational Bureau of Economic Research.
=830  \0$aWorking paper series (National Bureau of Economic Research) ;$vworking paper no. 13956.
=852  41$aBritish Library$bDSC$j6067.719500$ino.13956
=856  41$uhttp://www.nber.org/papers/W13956
=ACF  \\$aBritish Library not licensed to copy$c0$e01-oct-2013$hC$iCFP Excluded$5Uk
=CAT  \\$a9504$b40$c20080520$lBLL01$h1206
=CAT  \\$aBATCH-CLA$b00$c20130527$lBLL01$h0131
=CAT  \\$aBATCH-CLA$b00$c20130630$lBLL01$h1630
=CAT  \\$aIPL-CLA$c20130701$lBLL01$h0121
=CAT  \\$aBATCH-CLA$b00$c20130702$lBLL01$h0202
=CAT  \\$aBATCH-CLA$b00$c20130929$lBLL01$h1619
=CAT  \\$aIPL-CLA$c20130930$lBLL01$h1759
=CAT  \\$aBATCH-CLA$b00$c20131202$lBLL01$h0332
=CAT  \\$aIPL-CLA$c20140101$lBLL01$h0055
=CAT  \\$aBATCH-CLA$b00$c20140327$lBLL01$h1829
=CAT  \\$aIPL-CLA$c20140331$lBLL01$h1634
=CAT  \\$aW2308-1659$c20230923$lBLL01$h1123
=CAT  \\$aBATCH-CLA$b00$c20230924$lBLL01$h0649
=CFI  0\$aBritish Library not licensed to copy$c0$e01-apr-2014$hC$iCFP Excluded$5Uk
=FIN  \\$aY$d20080520
=FMT  \\$a  BK
=LAS  \\$aBATCH-CLA$b00$c20230924$lBLL01$h0649
=SID  \\$aZ39$bOCLC
=TCO  \\$aTRS$bCCC$c008

