=LDR  03169cam a22006017a 4500
=001  014620512
=003  Uk
=005  20230924064935.0
=007  cr\mn|||||||||
=008  080507s2008\\\\maua\\\\\b\\\\000\0\eng\d
=035  \\$a(OCoLC)227173531
=040  \\$aGZM$cGZM$dUk
=042  \\$aukblderived
=100  1\$aChakravarty, Surajeet.
=245  10$aContracting in the shadow of the law /$cSurajeet Chakravarty, W. Bentley MacLeod.
=260  \\$aCambridge, Mass. :$bNational Bureau of Economic Research,$cc2008.
=300  \\$a38 p. :$bill. ;$c22 cm.
=336  \\$atext$2rdacontent
=337  \\$acomputer$2rdamedia
=338  \\$aonline resource$2rdacarrier
=490  1\$aNBER working paper series ;$vno. 13960
=500  \\$a"April 2008".
=504  \\$aIncludes bibliographical references (p. 35-38).
=520  \\$aEconomic models of contract typically assume that courts enforce obligations on the basis of verifiable events. As a matter of law, this is not the case. This leaves open the question of optimal contract design given the available remedies that are enforced by a court of law. This paper shows that standard form construction contracts can be viewed as an optimal solution to this problem. It is shown that a central feature of construction contracts is the inclusion of governance covenants that shape the scope of authority, and regulate the ex post bargaining power of parties. Our model also provides a unified framework for the study of the legal remedies of mistake, impossibility and the doctrine limiting damages for unforeseen events developed in the case of Hadley vs. Baxendale.
=530  \\$aAlso available in PDF from the NBER World Wide Web site (www.nber.org).
=540  \\$aBritish Library not licensed to copy$c0$5Uk
=650  \0$aConstruction contracts$xEconometric models.
=650  \0$aContracts$xEconometric models.
=700  1\$aMacLeod, W. Bentley$q(William Bentley),$d1954-
=710  2\$aNational Bureau of Economic Research.
=830  \0$aWorking paper series (National Bureau of Economic Research) ;$vworking paper no. 13960.
=852  41$aBritish Library$bDSC$j6067.719500$ino.13960
=856  41$uhttp://www.nber.org/papers/W13960
=ACF  \\$aBritish Library not licensed to copy$c0$e01-oct-2013$hC$iCFP Excluded$5Uk
=CAT  \\$a9504$b40$c20080520$lBLL01$h1209
=CAT  \\$aBATCH-CLA$b00$c20130527$lBLL01$h0131
=CAT  \\$aBATCH-CLA$b00$c20130630$lBLL01$h1630
=CAT  \\$aIPL-CLA$c20130701$lBLL01$h0121
=CAT  \\$aBATCH-CLA$b00$c20130702$lBLL01$h0202
=CAT  \\$aBATCH-CLA$b00$c20130929$lBLL01$h1619
=CAT  \\$aIPL-CLA$c20130930$lBLL01$h1759
=CAT  \\$aBATCH-CLA$b00$c20131202$lBLL01$h0332
=CAT  \\$aIPL-CLA$c20140101$lBLL01$h0055
=CAT  \\$aBATCH-CLA$b00$c20140327$lBLL01$h1829
=CAT  \\$aIPL-CLA$c20140331$lBLL01$h1634
=CAT  \\$aW2308-1659$c20230923$lBLL01$h1123
=CAT  \\$aBATCH-CLA$b00$c20230924$lBLL01$h0649
=CFI  0\$aBritish Library not licensed to copy$c0$e01-apr-2014$hC$iCFP Excluded$5Uk
=FIN  \\$aY$d20080520
=FMT  \\$a  BK
=LAS  \\$aBATCH-CLA$b00$c20230924$lBLL01$h0649
=SID  \\$aZ39$bOCLC
=TCO  \\$aTRS$bCCC$c008

