=LDR  03529cam a22006017a 4500
=001  014620522
=003  Uk
=005  20230924064935.0
=007  cr\mn|||||||||
=008  080502s2008\\\\maua\\\\\b\\\\000\0\eng\d
=035  \\$a(OCoLC)226964656
=040  \\$aUPM$cUPM$dGZM$dUk
=042  \\$aukblderived
=050  14$aHB1$b.W654
=100  1\$aNakamura, Emi.
=245  10$aPass-through in retail and wholesale /$cEmi Nakamura.
=260  \\$aCambridge, Mass. :$bNational Bureau of Economic Research,$cc2008.
=300  \\$a10, [3] p. :$bill. ;$c22 cm.
=336  \\$atext$2rdacontent
=337  \\$acomputer$2rdamedia
=338  \\$aonline resource$2rdacarrier
=490  1\$aNBER working paper series ;$vworking paper 13965
=500  \\$a"April 2008."
=504  \\$aIncludes bibliographical references (p. 10).
=520  \\$aThis paper studies how prices comove across products, firms and locations to gauge the relative importance of retailer versus manufacturer-level shocks in determining prices. I make use of a large panel data set on prices for a cross-section of retailers in the U.S. I analyze prices at the barcode or "Universal Product Code'' (UPC) level for individual stores. I find that only 16% of the variation in prices is common across stores selling an identical product. 65% of the price variation is common to stores within a particular retail chain (but not across retail chains), while 17% is completely idiosyncratic to the store and product. Product categories with frequent temporary "sales'' exhibit a disproportionate amount of completely idiosyncratic price variation. My results suggest that most of the observed price variation arises from retail-level rather than manufacturer-level demand and supply shocks. However, the behavior of prices is difficult to relate to observed variation in costs and demand at the retail level. This suggests that retail prices may vary largely as a consequence of dynamic pricing strategies on the part of retailers or manufacturers, rather than static demand and supply shocks.
=530  \\$aAlso available in PDF from the NBER World Wide Web site (www.nber.org).
=540  \\$aBritish Library not licensed to copy$c0$5Uk
=650  \0$aPrices$xEconometric models.
=650  \0$aRetail trade$xEconometric models.
=710  2\$aNational Bureau of Economic Research.
=830  \0$aWorking paper series (National Bureau of Economic Research) ;$vworking paper no. 13965.
=852  41$aBritish Library$bDSC$j6067.719500$ino.13965
=856  41$uhttp://www.nber.org/papers/W13965
=ACF  \\$aBritish Library not licensed to copy$c0$e01-oct-2013$hC$iCFP Excluded$5Uk
=CAT  \\$a9504$b40$c20080520$lBLL01$h1212
=CAT  \\$aBATCH-CLA$b00$c20130527$lBLL01$h0131
=CAT  \\$aBATCH-CLA$b00$c20130630$lBLL01$h1630
=CAT  \\$aIPL-CLA$c20130701$lBLL01$h0121
=CAT  \\$aBATCH-CLA$b00$c20130702$lBLL01$h0202
=CAT  \\$aBATCH-CLA$b00$c20130929$lBLL01$h1619
=CAT  \\$aIPL-CLA$c20130930$lBLL01$h1759
=CAT  \\$aBATCH-CLA$b00$c20131202$lBLL01$h0332
=CAT  \\$aIPL-CLA$c20140101$lBLL01$h0055
=CAT  \\$aBATCH-CLA$b00$c20140327$lBLL01$h1829
=CAT  \\$aIPL-CLA$c20140331$lBLL01$h1634
=CAT  \\$aW2308-1659$c20230923$lBLL01$h1123
=CAT  \\$aBATCH-CLA$b00$c20230924$lBLL01$h0649
=CFI  0\$aBritish Library not licensed to copy$c0$e01-apr-2014$hC$iCFP Excluded$5Uk
=FIN  \\$aY$d20080520
=FMT  \\$a  BK
=LAS  \\$aBATCH-CLA$b00$c20230924$lBLL01$h0649
=SID  \\$aZ39$bOCLC
=TCO  \\$aTRS$bCCC$c008

