=LDR  03213cam a22006017a 4500
=001  014620696
=003  Uk
=005  20230924064935.0
=007  cr\mn|||||||||
=008  080507s2008\\\\mau\\\\\\b\\\\000\0\eng\d
=035  \\$a(OCoLC)227178093
=040  \\$aGZM$cGZM$dUk
=042  \\$aukblderived
=100  1\$aChassang, Sylvain.
=245  10$aConflict and deterrence under strategic risk /$cSylvain Chassang , Gerard Padro i Miquel.
=260  \\$aCambridge, Mass. :$bNational Bureau of Economic Research,$cc2008.
=300  \\$a36 p. ;$c22 cm.
=336  \\$atext$2rdacontent
=337  \\$acomputer$2rdamedia
=338  \\$aonline resource$2rdacarrier
=490  1\$aNBER working paper series ;$vno. 13964
=500  \\$a"April 2008".
=504  \\$aIncludes bibliographical references (p. 34-36).
=520  \\$aWe examine the mechanics of deterrence and intervention when fear is a motive for conflict. We contrast results obtained in a complete information setting, where coordination is easy, to those obtained in a setting with strategic risk, where players have different assessments of their environment. These two strategic settings allow us to define and distinguish predatory and preemptive incentives as determinants of conflict. We show that while weapons have an unambiguous deterrent effect under complete information, this does not hold anymore under strategic risk. Rather, we find that increases in weapon stocks can have a non-monotonic effect on the sustainability of peace. We also show that under strategic risk, inequality in military strength can ac- tually facilitate peace and that anticipated peace-keeping interventions may improve incentives for peaceful behavior.
=530  \\$aAlso available in PDF from the NBER World Wide Web site (www.nber.org).
=540  \\$aBritish Library not licensed to copy$c0$5Uk
=650  \0$aDeterrence (Strategy)
=650  \0$aStrategy$xEconometric models.
=700  1\$aPadró i Miquel, Gerard.
=710  2\$aNational Bureau of Economic Research.
=830  \0$aWorking paper series (National Bureau of Economic Research) ;$vworking paper no. 13964.
=852  41$aBritish Library$bDSC$j6067.719500$ino. 13964
=856  41$uhttp://www.nber.org/papers/W13964
=ACF  \\$aBritish Library not licensed to copy$c0$e01-oct-2013$hC$iCFP Excluded$5Uk
=CAT  \\$a10775$b40$c20080520$lBLL01$h1432
=CAT  \\$aBATCH-CLA$b00$c20130527$lBLL01$h0131
=CAT  \\$aBATCH-CLA$b00$c20130630$lBLL01$h1630
=CAT  \\$aIPL-CLA$c20130701$lBLL01$h0121
=CAT  \\$aBATCH-CLA$b00$c20130702$lBLL01$h0202
=CAT  \\$aBATCH-CLA$b00$c20130929$lBLL01$h1619
=CAT  \\$aIPL-CLA$c20130930$lBLL01$h1759
=CAT  \\$aBATCH-CLA$b00$c20131202$lBLL01$h0332
=CAT  \\$aIPL-CLA$c20140101$lBLL01$h0055
=CAT  \\$aBATCH-CLA$b00$c20140327$lBLL01$h1829
=CAT  \\$aIPL-CLA$c20140331$lBLL01$h1634
=CAT  \\$aW2308-1659$c20230923$lBLL01$h1123
=CAT  \\$aBATCH-CLA$b00$c20230924$lBLL01$h0649
=CFI  0\$aBritish Library not licensed to copy$c0$e01-apr-2014$hC$iCFP Excluded$5Uk
=FIN  \\$aY$d20080520
=FMT  \\$a  BK
=LAS  \\$aBATCH-CLA$b00$c20230924$lBLL01$h0649
=SID  \\$aZ39$bOCLC
=TCO  \\$aTRS$bCCC$c008

