=LDR  03833cam a22006257a 4500
=001  014620744
=003  Uk
=005  20230924064935.0
=007  cr\mn|||||||||
=008  080506s2008\\\\maua\\\\\b\\\\000\0\eng\d
=035  \\$a(OCoLC)227138584
=040  \\$aGZM$cGZM$dUk
=042  \\$aukblderived
=100  1\$aBayer, Patrick J.
=245  10$aNonparametric identification and estimation in a generalized Roy model /$cPatrick Bayer, Shakeeb Khan, Christopher Timmins.
=260  \\$aCambridge, Mass. :$bNational Bureau of Economic Research,$cc2008.
=300  \\$a40, [2] p. :$bill. ;$c22 cm.
=336  \\$atext$2rdacontent
=337  \\$acomputer$2rdamedia
=338  \\$aonline resource$2rdacarrier
=490  1\$aNBER working paper series ;$vno. 13949
=500  \\$a"April 2008".
=504  \\$aIncludes bibliographical references (p. 31-32).
=520  \\$aThis paper considers nonparametric identification and estimation of a generalized Roy model that includes a non-pecuniary component of utility associated with each choice alternative. Previous work has found that, without parametric restrictions or the availability of covariates, all of the useful content of a cross-sectional dataset is absorbed in a restrictive specification of Roy sorting behavior that imposes independence on wage draws. While this is true, we demonstrate that it is also possible to identify (under relatively innocuous assumptions and without the use of covariates) a common non-pecuniary component of utility associated with each choice alternative. We develop nonparametric estimators corresponding to two alternative assumptions under which we prove identification, derive asymptotic properties, and illustrate small sample properties with a series of Monte Carlo experiments. We demonstrate the usefulness of one of these estimators with an empirical application. Micro data from the 2000 Census are used to calculate the returns to a college education. If high-school and college graduates face different costs of migration, this would be reflected in different degrees of Roy-sorting-induced bias in their observed wage distributions. Correcting for this bias, the observed returns to a college degree are cut in half.
=530  \\$aAlso available in PDF from the NBER World Wide Web site (www.nber.org).
=540  \\$aBritish Library not licensed to copy$c0$5Uk
=650  \0$aNonparametric statistics.
=650  \0$aEconomics$xMethodology.
=650  \0$aEducation, Higher$xEconomic aspects$xEconometric models.
=700  1\$aKhan, Shakeeb,$d1969-
=700  1\$aTimmins, Christopher.
=710  2\$aNational Bureau of Economic Research.
=830  \0$aWorking paper series (National Bureau of Economic Research) ;$vworking paper no. 13949.
=852  41$aBritish Library$bDSC$j6067.719500$ino. 13949
=856  41$uhttp://www.nber.org/papers/W13949
=ACF  \\$aBritish Library not licensed to copy$c0$e01-oct-2013$hC$iCFP Excluded$5Uk
=CAT  \\$a10775$b40$c20080520$lBLL01$h1514
=CAT  \\$aBATCH-CLA$b00$c20130527$lBLL01$h0131
=CAT  \\$aBATCH-CLA$b00$c20130630$lBLL01$h1630
=CAT  \\$aIPL-CLA$c20130701$lBLL01$h0121
=CAT  \\$aBATCH-CLA$b00$c20130702$lBLL01$h0202
=CAT  \\$aBATCH-CLA$b00$c20130929$lBLL01$h1619
=CAT  \\$aIPL-CLA$c20130930$lBLL01$h1759
=CAT  \\$aBATCH-CLA$b00$c20131202$lBLL01$h0332
=CAT  \\$aIPL-CLA$c20140101$lBLL01$h0055
=CAT  \\$aBATCH-CLA$b00$c20140327$lBLL01$h1829
=CAT  \\$aIPL-CLA$c20140331$lBLL01$h1634
=CAT  \\$aW2308-1659$c20230923$lBLL01$h1123
=CAT  \\$aBATCH-CLA$b00$c20230924$lBLL01$h0649
=CFI  0\$aBritish Library not licensed to copy$c0$e01-apr-2014$hC$iCFP Excluded$5Uk
=FIN  \\$aY$d2008052
=FMT  \\$a  BK
=LAS  \\$aBATCH-CLA$b00$c20230924$lBLL01$h0649
=SID  \\$aZ39$bOCLC
=TCO  \\$aTRS$bCCC$c008

