=LDR  02512cam a22005777a 4500
=001  014620749
=003  Uk
=005  20230924064935.0
=007  cr\mn|||||||||
=008  080507s2008\\\\mau\\\\\\b\\\\000\0\eng\d
=035  \\$a(OCoLC)227160583
=040  \\$aGZM$cGZM$dUk
=042  \\$aukblderived
=100  1\$aBernheim, B. Douglas.
=245  10$aNeuroeconomics :$ba sober (but hopeful) appraisal /$cB. Douglas Bernheim.
=260  \\$aCambridge, Mass. :$bNational Bureau of Economic Research,$cc2008.
=300  \\$a53 p. ;$c22 cm.
=336  \\$atext$2rdacontent
=337  \\$acomputer$2rdamedia
=338  \\$aonline resource$2rdacarrier
=490  1\$aNBER working paper series ;$vno. 13954
=500  \\$a"April 2008".
=504  \\$aIncludes bibliographical references (p. 49-53).
=520  \\$aThis paper evaluates the prospects for the emerging field of neuroeconomics to shed light on traditional positive and normative economic questions. It argues that the potential for meaningful contributions, though often misunderstood and frequently overstated, is nevertheless present.
=530  \\$aAlso available in PDF from the NBER World Wide Web site (www.nber.org).
=540  \\$aBritish Library not licensed to copy$c0$5Uk
=650  \0$aNeuroeconomics.
=710  2\$aNational Bureau of Economic Research.
=830  \0$aWorking paper series (National Bureau of Economic Research) ;$vworking paper no. 13954.
=852  41$aBritish Library$bDSC$j6067.719500$ino. 13954
=856  41$uhttp://www.nber.org/papers/W13954
=ACF  \\$aBritish Library not licensed to copy$c0$e01-oct-2013$hC$iCFP Excluded$5Uk
=CAT  \\$a10775$b40$c20080520$lBLL01$h1517
=CAT  \\$aBATCH-CLA$b00$c20130527$lBLL01$h0131
=CAT  \\$aBATCH-CLA$b00$c20130630$lBLL01$h1630
=CAT  \\$aIPL-CLA$c20130701$lBLL01$h0121
=CAT  \\$aBATCH-CLA$b00$c20130702$lBLL01$h0202
=CAT  \\$aBATCH-CLA$b00$c20130929$lBLL01$h1619
=CAT  \\$aIPL-CLA$c20130930$lBLL01$h1759
=CAT  \\$aBATCH-CLA$b00$c20131202$lBLL01$h0332
=CAT  \\$aIPL-CLA$c20140101$lBLL01$h0055
=CAT  \\$aBATCH-CLA$b00$c20140327$lBLL01$h1829
=CAT  \\$aIPL-CLA$c20140331$lBLL01$h1634
=CAT  \\$aW2308-1659$c20230923$lBLL01$h1123
=CAT  \\$aBATCH-CLA$b00$c20230924$lBLL01$h0649
=CFI  0\$aBritish Library not licensed to copy$c0$e01-apr-2014$hC$iCFP Excluded$5Uk
=FIN  \\$aY$d20080520
=FMT  \\$a  BK
=LAS  \\$aBATCH-CLA$b00$c20230924$lBLL01$h0649
=SID  \\$aZ39$bOCLC
=TCO  \\$aTRS$bCCC$c008

