=LDR  02734cam a22005777a 4500
=001  014635226
=003  Uk
=005  20230924064935.0
=007  cr\mn|||||||||
=008  080603s2008\\\\mau\\\\\\b\\\\000\0\eng\d
=035  \\$a(OCoLC)230383575
=040  \\$aGZM$cGZM$dUk
=042  \\$aukblderived
=245  00$aIdentification of treatment effects using control functions in models with continuous, endogenous treatment and heterogeneous effects /$cJean-Pierre Florens ... [et al.].
=260  \\$aCambridge, Mass. :$bNational Bureau of Economic Research,$cc2008.
=300  \\$a19 p. ;$c22 cm.
=336  \\$atext$2rdacontent
=337  \\$acomputer$2rdamedia
=338  \\$aonline resource$2rdacarrier
=490  1\$aNBER working paper series ;$vno. 14002
=500  \\$a"May 2008."
=504  \\$aIncludes bibliographical references (p. 16-19).
=520  \\$aWe use the control function approach to identify the average treatment effect and the effect of treatment on the treated in models with a continuous endogenous regressor whose impact is heterogeneous. We assume a stochastic polynomial restriction on the form of the heterogeneity but, unlike alternative nonparametric control function approaches, our approach does not require large support assumptions.
=530  \\$aAlso available in PDF from the NBER World Wide Web site (www.nber.org).
=540  \\$aBritish Library not licensed to copy$c0$5Uk
=650  \0$aEconomics$xStatistical methods.
=700  1\$aFlorens, J. P.
=710  2\$aNational Bureau of Economic Research.
=830  \0$aWorking paper series (National Bureau of Economic Research) ;$vworking paper no. 14002.
=852  41$aBritish Library$bDSC$j6067.719500$ino. 14002
=856  41$uhttp://www.nber.org/papers/W14002
=ACF  \\$aBritish Library not licensed to copy$c0$e01-oct-2013$hC$iCFP Excluded$5Uk
=CAT  \\$a10775$b40$c20080605$lBLL01$h0909
=CAT  \\$aBATCH-CLA$b00$c20130527$lBLL01$h0131
=CAT  \\$aBATCH-CLA$b00$c20130630$lBLL01$h1630
=CAT  \\$aIPL-CLA$c20130701$lBLL01$h0122
=CAT  \\$aBATCH-CLA$b00$c20130702$lBLL01$h0202
=CAT  \\$aBATCH-CLA$b00$c20130929$lBLL01$h1619
=CAT  \\$aIPL-CLA$c20130930$lBLL01$h1759
=CAT  \\$aBATCH-CLA$b00$c20131202$lBLL01$h0332
=CAT  \\$aIPL-CLA$c20140101$lBLL01$h0055
=CAT  \\$aBATCH-CLA$b00$c20140327$lBLL01$h1829
=CAT  \\$aIPL-CLA$c20140331$lBLL01$h1634
=CAT  \\$aW2308-1659$c20230923$lBLL01$h1124
=CAT  \\$aBATCH-CLA$b00$c20230924$lBLL01$h0649
=CFI  0\$aBritish Library not licensed to copy$c0$e01-apr-2014$hC$iCFP Excluded$5Uk
=FIN  \\$aY$d20080605
=FMT  \\$a  BK
=LAS  \\$aBATCH-CLA$b00$c20230924$lBLL01$h0649
=SID  \\$aZ39$bOCLC
=TCO  \\$aTRS$bCCC$c008

