=LDR  03702cam a22006497a 4500
=001  014635237
=003  Uk
=005  20230924064935.0
=007  cr\mn|||||||||
=008  080603s2008\\\\mau\\\\\\b\\\\000\0\eng\d
=035  \\$a(OCoLC)230324256
=040  \\$aGZM$cGZM$dGZM$dUk
=042  \\$aukblderived
=100  10$aReinhardt, Forest L.,$d1958-
=245  10$aCorporate social responsibility through an economic lens /$cForest L. Reinhardt, Robert N. Stavins, Richard H.K. Vietor.
=260  \\$aCambridge, Mass. :$bNational Bureau of Economic Research,$cc2008.
=300  \\$a36 p. ;$c22 cm.
=336  \\$atext$2rdacontent
=337  \\$acomputer$2rdamedia
=338  \\$aonline resource$2rdacarrier
=490  1\$aNBER working paper series ;$vno. 13989
=500  \\$a"May 2008."
=504  \\$aIncludes bibliographical references (p. 32-36).
=520  \\$aBusiness leaders, government officials, and academics are focusing considerable attention on the concept of "corporate social responsibility" (CSR), particularly in the realm of environmental protection. Beyond complete compliance with environmental regulations, do firms have additional moral or social responsibilities to commit resources to environmental protection? How should we think about the notion of firms sacrificing profits in the social interest? May they do so within the scope of their fiduciary responsibilities to their shareholders? Can they do so on a sustainable basis, or will the forces of a competitive marketplace render such efforts and their impacts transient at best? Do firms, in fact, frequently or at least sometimes behave this way, reducing their earnings by voluntarily engaging in environmental stewardship? And finally, should firms carry out such profit-sacrificing activities (i.e., is this an efficient use of social resources)? We address these questions through the lens of economics, including insights from legal analysis and business scholarship.
=530  \\$aAlso available in PDF from the NBER World Wide Web site (www.nber.org).
=540  \\$aBritish Library not licensed to copy$c0$5Uk
=650  \0$aSocial responsibility of business.
=650  \0$aEnvironmental responsibility.
=650  \0$aEnvironmental protection$xEconomic aspects.
=700  1\$aStavins, R. N.$q(Robert N.),$d1948-
=700  1\$aVietor, Richard H. K.,$d1945-
=710  2\$aNational Bureau of Economic Research.
=830  \0$aWorking paper series (National Bureau of Economic Research) ;$vworking paper no. 13989.
=852  41$aBritish Library$bDSC$j6067.719500$ino. 13989
=856  41$uhttp://www.nber.org/papers/W13989
=ACF  \\$aBritish Library not licensed to copy$c0$e01-oct-2013$hC$iCFP Excluded$5Uk
=CAT  \\$a10775$b40$c20080605$lBLL01$h0918
=CAT  \\$aBATCH-CLA$b00$c20130527$lBLL01$h0131
=CAT  \\$aBATCH-CLA$b00$c20130630$lBLL01$h1630
=CAT  \\$aIPL-CLA$c20130701$lBLL01$h0122
=CAT  \\$aBATCH-CLA$b00$c20130702$lBLL01$h0202
=CAT  \\$aBATCH-CLA$b00$c20130929$lBLL01$h1619
=CAT  \\$aIPL-CLA$c20130930$lBLL01$h1759
=CAT  \\$aBATCH-CLA$b00$c20131202$lBLL01$h0332
=CAT  \\$aIPL-CLA$c20140101$lBLL01$h0055
=CAT  \\$aBATCH-CLA$b00$c20140327$lBLL01$h1829
=CAT  \\$aIPL-CLA$c20140331$lBLL01$h1634
=CAT  \\$aBATCH-UPD$b00$c20211217$lBLL01$h2101
=CAT  \\$aBATCH-CLA$b00$c20211218$lBLL01$h0139
=CAT  \\$aW2308-1659$c20230923$lBLL01$h1124
=CAT  \\$aBATCH-CLA$b00$c20230924$lBLL01$h0649
=CFI  0\$aBritish Library not licensed to copy$c0$e01-apr-2014$hC$iCFP Excluded$5Uk
=FIN  \\$aY$d20080605
=FMT  \\$a  BK
=LAS  \\$aBATCH-CLA$b00$c20230924$lBLL01$h0649
=SID  \\$aZ39$bOCLC
=TCO  \\$aTRS$bCCC$c008

