=LDR  03161cam a22006137a 4500
=001  014635576
=003  Uk
=005  20230924064936.0
=007  cr\mn|||||||||
=008  080530s2008\\\\mau\\\\\\b\\\\000\0\eng\d
=035  \\$a(OCoLC)229442177
=040  \\$aUPM$cUPM$dGZM$dUk
=042  \\$aukblderived
=050  10$aHB1$b.W654
=100  1\$aCase, Anne,$d1958-
=245  10$aMaking sense of the labor market height premium :$bevidence from the British household panel survey /$cAnne Case, Christina Paxson, Mahnaz Islam.
=260  \\$aCambridge, Mass. :$bNational Bureau of Economic Research,$cc2008.
=300  \\$a11 p. ;$c22 cm.
=336  \\$atext$2rdacontent
=337  \\$acomputer$2rdamedia
=338  \\$aonline resource$2rdacarrier
=490  1\$aNBER working paper series ;$vworking paper 14007
=500  \\$a"May 2008."
=504  \\$aIncludes bibliographical references (p. 8).
=520  \\$aWe use nine waves of the British Household Panel Survey (BHPS) to investigate the large labor market height premium observed in the BHPS, where each inch of height is associated with a 1.5 percent increase in wages, for both men and women. We find that half of the premium can be explained by the association between height and educational attainment among BHPS participants. Of the remaining premium, half can be explained by taller individuals selecting into higher status occupations and industries. These effects are consistent with our earlier findings that taller individuals on average have greater cognitive function, which manifests in greater educational attainment, and better labor market opportunities.
=530  \\$aAlso available in PDF from the NBER World Wide Web site (www.nber.org).
=540  \\$aBritish Library not licensed to copy$c0$5Uk
=650  \0$aStature$xEconomic aspects$zGreat Britain$xEconometric models.
=700  1\$aPaxson, Christina H.
=700  1\$aIslam, Mahnaz.
=710  2\$aNational Bureau of Economic Research.
=830  \0$aWorking paper series (National Bureau of Economic Research) ;$vworking paper no. 14007.
=852  41$aBritish Library$bDSC$j6067.719500$ino. 14007
=856  41$uhttp://www.nber.org/papers/W14007
=ACF  \\$aBritish Library not licensed to copy$c0$e01-oct-2013$hC$iCFP Excluded$5Uk
=CAT  \\$a10775$b40$c20080605$lBLL01$h0936
=CAT  \\$aBATCH-CLA$b00$c20130527$lBLL01$h0131
=CAT  \\$aBATCH-CLA$b00$c20130630$lBLL01$h1630
=CAT  \\$aIPL-CLA$c20130701$lBLL01$h0122
=CAT  \\$aBATCH-CLA$b00$c20130702$lBLL01$h0202
=CAT  \\$aBATCH-CLA$b00$c20130929$lBLL01$h1619
=CAT  \\$aIPL-CLA$c20130930$lBLL01$h1759
=CAT  \\$aBATCH-CLA$b00$c20131202$lBLL01$h0332
=CAT  \\$aIPL-CLA$c20140101$lBLL01$h0055
=CAT  \\$aBATCH-CLA$b00$c20140327$lBLL01$h1829
=CAT  \\$aIPL-CLA$c20140331$lBLL01$h1634
=CAT  \\$aW2308-1659$c20230923$lBLL01$h1124
=CAT  \\$aBATCH-CLA$b00$c20230924$lBLL01$h0649
=CFI  0\$aBritish Library not licensed to copy$c0$e01-apr-2014$hC$iCFP Excluded$5Uk
=FIN  \\$aY$d20080605
=FMT  \\$a  BK
=LAS  \\$aBATCH-CLA$b00$c20230924$lBLL01$h0649
=SID  \\$aZ39$bOCLC
=TCO  \\$aTRS$bCCC$c008

