=LDR  03590cam a22006137a 4500
=001  014635577
=003  Uk
=005  20230924064936.0
=007  cr\mn|||||||||
=008  080603s2008\\\\maua\\\\\b\\\\000\0\eng\d
=035  \\$a(OCoLC)230327937
=040  \\$aGZM$cGZM$dUk
=042  \\$aukblderived
=100  1\$aDee, Thomas S.$q(Thomas Sean)
=245  14$aThe non-cognitive returns to class size /$cThomas Dee, Martin West.
=260  \\$aCambridge, Mass. :$bNational Bureau of Economic Research,$cc2008.
=300  \\$a61 p. :$bill. ;$c22 cm.
=336  \\$atext$2rdacontent
=337  \\$acomputer$2rdamedia
=338  \\$aonline resource$2rdacarrier
=490  1\$aNBER working paper series ;$vno. 13994
=500  \\$a"May 2008."
=504  \\$aIncludes bibliographical references (p. 45-47).
=520  \\$aAlthough recent evidence suggests that non-cognitive skills such as engagement matter for academic and economic success, there is little evidence on how key educational inputs affect the development of these skills. We present a re-analysis of follow-up data from the Project STAR class-size experiment and find evidence that early-grade class-size reductions did improve subsequent student initiative. However, these effects did not persist into the 8th grade. Furthermore, the external and, possibly, the internal validity of these inferences is compromised by non-random attrition. We also present a complementary analysis based on nationally representative survey data and a research design that relies on contemporaneous within-student and within-teacher comparisons across two academic subjects. Our results indicate that smaller classes in 8th grade lead to improvements in measures of student engagement with effect sizes ranging from 0.05 to 0.09 and smaller effects persisting two years later. Using the estimated earnings impact of these non-cognitive skills and the direct cost of a class-size reduction, the implied internal rate of return from an 8th-grade class-size reduction is 4.6 percent overall, but 7.9 percent in urban schools.
=530  \\$aAlso available in PDF from the NBER World Wide Web site (www.nber.org).
=540  \\$aBritish Library not licensed to copy$c0$5Uk
=650  \0$aClass size.
=650  \0$aEngagement (Philosophy)
=650  \0$aAcademic achievement.
=700  1\$aWest, Martin R.
=710  2\$aNational Bureau of Economic Research.
=830  \0$aWorking paper series (National Bureau of Economic Research) ;$vworking paper no. 13994.
=852  41$aBritish Library$bDSC$j6067.719500$ino. 13994
=856  41$uhttp://www.nber.org/papers/W13994
=ACF  \\$aBritish Library not licensed to copy$c0$e01-oct-2013$hC$iCFP Excluded$5Uk
=CAT  \\$a10775$b40$c20080605$lBLL01$h0939
=CAT  \\$aBATCH-CLA$b00$c20130527$lBLL01$h0131
=CAT  \\$aBATCH-CLA$b00$c20130630$lBLL01$h1630
=CAT  \\$aIPL-CLA$c20130701$lBLL01$h0122
=CAT  \\$aBATCH-CLA$b00$c20130702$lBLL01$h0202
=CAT  \\$aBATCH-CLA$b00$c20130929$lBLL01$h1619
=CAT  \\$aIPL-CLA$c20130930$lBLL01$h1759
=CAT  \\$aBATCH-CLA$b00$c20131202$lBLL01$h0332
=CAT  \\$aIPL-CLA$c20140101$lBLL01$h0055
=CAT  \\$aBATCH-CLA$b00$c20140327$lBLL01$h1829
=CAT  \\$aIPL-CLA$c20140331$lBLL01$h1634
=CAT  \\$aW2308-1659$c20230923$lBLL01$h1124
=CAT  \\$aBATCH-CLA$b00$c20230924$lBLL01$h0649
=CFI  0\$aBritish Library not licensed to copy$c0$e01-apr-2014$hC$iCFP Excluded$5Uk
=FIN  \\$aY$d20080605
=FMT  \\$a  BK
=LAS  \\$aBATCH-CLA$b00$c20230924$lBLL01$h0649
=SID  \\$aZ39$bOCLC
=TCO  \\$aTRS$bCCC$c008

