=LDR  03022cam a22006137a 4500
=001  014635681
=003  Uk
=005  20230924064936.0
=007  cr\mn|||||||||
=008  080603s2008\\\\maua\\\\\b\\\\000\0\eng\d
=035  \\$a(OCoLC)230373322
=040  \\$aGZM$cGZM$dUk
=042  \\$aukblderived
=100  1\$aDal Bó, Pedro,$d1971-
=245  10$aInstitutions and behavior :$bexperimental evidence on the effects of democracy /$cPedro Dal Bó, Andrew Foster, Louis Putterman.
=260  \\$aCambridge, Mass. :$bNational Bureau of Economic Research,$cc2008.
=300  \\$a39, [10] p. :$bill. ;$c22 cm.
=336  \\$atext$2rdacontent
=337  \\$acomputer$2rdamedia
=338  \\$aonline resource$2rdacarrier
=490  1\$aNBER working paper series ;$vno. 13999
=500  \\$a"May 2008."
=504  \\$aIncludes bibliographical references (p. 28-35).
=520  \\$aA novel experiment is used to show that the effect of a policy on the level of cooperation is greater when it is chosen democratically by the subjects than when it is exogenously imposed. In contrast to the previous literature, our experimental design allows us to control for selection effects (e.g. those who choose the policy may be affected differently by it). Our finding implies that democratic institutions may affect behavior directly in addition to having effects through the choice of policies. Our findings have implications for the generalizability of the results of randomized policy interventions.
=530  \\$aAlso available in PDF from the NBER World Wide Web site (www.nber.org).
=540  \\$aBritish Library not licensed to copy$c0$5Uk
=650  \0$aDemocracy.
=650  \0$aHuman behavior$xPolitical aspects.
=700  1\$aFoster, Andrew.
=700  1\$aPutterman, Louis G.
=710  2\$aNational Bureau of Economic Research.
=830  \0$aWorking paper series (National Bureau of Economic Research) ;$vworking paper no. 13999.
=852  41$aBritish Library$bDSC$j6067.719500$ino. 13999
=856  41$uhttp://www.nber.org/papers/W13999
=ACF  \\$aBritish Library not licensed to copy$c0$e01-oct-2013$hC$iCFP Excluded$5Uk
=CAT  \\$a10775$b40$c20080605$lBLL01$h1016
=CAT  \\$aBATCH-CLA$b00$c20130527$lBLL01$h0131
=CAT  \\$aBATCH-CLA$b00$c20130630$lBLL01$h1630
=CAT  \\$aIPL-CLA$c20130701$lBLL01$h0122
=CAT  \\$aBATCH-CLA$b00$c20130702$lBLL01$h0202
=CAT  \\$aBATCH-CLA$b00$c20130929$lBLL01$h1619
=CAT  \\$aIPL-CLA$c20130930$lBLL01$h1759
=CAT  \\$aBATCH-CLA$b00$c20131202$lBLL01$h0332
=CAT  \\$aIPL-CLA$c20140101$lBLL01$h0055
=CAT  \\$aBATCH-CLA$b00$c20140327$lBLL01$h1829
=CAT  \\$aIPL-CLA$c20140331$lBLL01$h1634
=CAT  \\$aW2308-1659$c20230923$lBLL01$h1124
=CAT  \\$aBATCH-CLA$b00$c20230924$lBLL01$h0649
=CFI  0\$aBritish Library not licensed to copy$c0$e01-apr-2014$hC$iCFP Excluded$5Uk
=FIN  \\$aY$d20080605
=FMT  \\$a  BK
=LAS  \\$aBATCH-CLA$b00$c20230924$lBLL01$h0649
=SID  \\$aZ39$bOCLC
=TCO  \\$aTRS$bCCC$c008

