=LDR  03295cam a22006137a 4500
=001  014635685
=003  Uk
=005  20230924064936.0
=007  cr\mn|||||||||
=008  080603s2008\\\\maua\\\\\b\\\\000\0\eng\d
=035  \\$a(OCoLC)230379661
=040  \\$aGZM$cGZM$dUk
=042  \\$aukblderived
=043  \\$an-us---
=100  1\$aNakamura, Emi.
=245  10$aMonetary non-neutrality in a multi-sector menu cost model /$cEmi Nakamura, Jon Steinsson.
=260  \\$aCambridge, Mass. :$bNational Bureau of Economic Research,$cc2008.
=300  \\$a33, [11] p. :$bill. ;$c22 cm.
=336  \\$atext$2rdacontent
=337  \\$acomputer$2rdamedia
=338  \\$aonline resource$2rdacarrier
=490  1\$aNBER working paper series ;$vno. 14001
=500  \\$a"May 2008."
=504  \\$aIncludes bibliographical references (p. 30-33).
=520  \\$aEmpirical evidence suggests that roughly 1/3 of the U.S. business cycle is due to nominal shocks. We calibrate a multi-sector menu cost model using new evidence on the cross-sectional distribution of the frequency and size of price changes in the U.S. economy. We augment the model to incorporate intermediate inputs. We show that the introduction of heterogeneity in the frequency of price change triples the degree of monetary non-neutrality generated by the model. We furthermore show that the introduction of intermediate inputs raises the degree of monetary non-neutrality by another factor of three, without adversely affecting the model's ability to match the large average size of price changes. Our multi-sector menu cost model with intermediate inputs generates variation in real output in response to calibrated aggregate nominal shocks that can account for roughly 26% of the U.S. business cycle.
=530  \\$aAlso available in PDF from the NBER World Wide Web site (www.nber.org).
=540  \\$aBritish Library not licensed to copy$c0$5Uk
=650  \0$aBusiness cycles$zUnited States$xEconometric models.
=650  \0$aPrices$zUnited States.
=700  0\$aJón Steinsson,$d1976-
=710  2\$aNational Bureau of Economic Research.
=830  \0$aWorking paper series (National Bureau of Economic Research) ;$vworking paper no. 14001.
=852  41$aBritish Library$bDSC$j6067.719500$ino. 14001
=856  41$uhttp://www.nber.org/papers/W14001
=ACF  \\$aBritish Library not licensed to copy$c0$e01-oct-2013$hC$iCFP Excluded$5Uk
=CAT  \\$a10775$b40$c20080605$lBLL01$h1019
=CAT  \\$aBATCH-CLA$b00$c20130527$lBLL01$h0131
=CAT  \\$aBATCH-CLA$b00$c20130630$lBLL01$h1630
=CAT  \\$aIPL-CLA$c20130701$lBLL01$h0122
=CAT  \\$aBATCH-CLA$b00$c20130702$lBLL01$h0202
=CAT  \\$aBATCH-CLA$b00$c20130929$lBLL01$h1619
=CAT  \\$aIPL-CLA$c20130930$lBLL01$h1759
=CAT  \\$aBATCH-CLA$b00$c20131202$lBLL01$h0332
=CAT  \\$aIPL-CLA$c20140101$lBLL01$h0055
=CAT  \\$aBATCH-CLA$b00$c20140327$lBLL01$h1829
=CAT  \\$aIPL-CLA$c20140331$lBLL01$h1634
=CAT  \\$aW2308-1659$c20230923$lBLL01$h1124
=CAT  \\$aBATCH-CLA$b00$c20230924$lBLL01$h0649
=CFI  0\$aBritish Library not licensed to copy$c0$e01-apr-2014$hC$iCFP Excluded$5Uk
=FIN  \\$aY$d20080605
=FMT  \\$a  BK
=LAS  \\$aBATCH-CLA$b00$c20230924$lBLL01$h0649
=SID  \\$aZ39$bOCLC
=TCO  \\$aTRS$bCCC$c008

