=LDR  02905cam a22006017a 4500
=001  014648924
=003  Uk
=005  20230924064936.0
=007  cr\mn|||||||||
=008  080611s2008\\\\mau\\\\\\b\\\\000\0\eng\d
=035  \\$a(OCoLC)231680748
=040  \\$aGZM$cGZM$dUk
=042  \\$aukblderived
=100  1\$aPhilipson, Tomas J.
=245  10$aIs the obesity epidemic a public health problem? :$ba decade of research on the economics of obesity /$cTomas Philipson, Richard Posner.
=260  \\$aCambridge, Mass. :$bNational Bureau of Economic Research,$c2008.
=300  \\$a13 p. ;$c22 cm.
=336  \\$atext$2rdacontent
=337  \\$acomputer$2rdamedia
=338  \\$aonline resource$2rdacarrier
=490  1\$aNBER working paper series ;$vno. 14010
=500  \\$a"May 2008".
=504  \\$aIncludes bibliographical references.
=520  \\$aThe world-wide and ongoing rise in obesity has generated enormous popular interest and policy concern in developing countries, where it is rapidly becoming the major public health problem facing such nations. As a consequence, there has been a rapidly growing field of economic analysis of the causes and consequences of this phenomenon. This paper discusses some of the central themes of this decade long research program, aiming at synthesizing the different strands of the literature, and to point to future research that seems particularly productive.
=530  \\$aAlso available in PDF from the NBER World Wide Web site (www.nber.org).
=540  \\$aBritish Library not licensed to copy$c0$5Uk
=650  \0$aObesity$xEconomic aspects.
=650  \0$aPublic health.
=700  1\$aPosner, Richard A.
=710  2\$aNational Bureau of Economic Research.
=830  \0$aWorking paper series (National Bureau of Economic Research) ;$vworking paper no. 14010.
=852  41$aBritish Library$bDSC$j6067.719500$ino. 14010
=856  41$uhttp://www.nber.org/papers/W14010
=ACF  \\$aBritish Library not licensed to copy$c0$e01-oct-2013$hC$iCFP Excluded$5Uk
=CAT  \\$a7164$b40$c20080619$lBLL01$h0837
=CAT  \\$aBATCH-CLA$b00$c20130527$lBLL01$h0131
=CAT  \\$aBATCH-CLA$b00$c20130630$lBLL01$h1630
=CAT  \\$aIPL-CLA$c20130701$lBLL01$h0122
=CAT  \\$aBATCH-CLA$b00$c20130702$lBLL01$h0202
=CAT  \\$aBATCH-CLA$b00$c20130929$lBLL01$h1619
=CAT  \\$aIPL-CLA$c20130930$lBLL01$h1759
=CAT  \\$aBATCH-CLA$b00$c20131202$lBLL01$h0332
=CAT  \\$aIPL-CLA$c20140101$lBLL01$h0056
=CAT  \\$aBATCH-CLA$b00$c20140327$lBLL01$h1829
=CAT  \\$aIPL-CLA$c20140331$lBLL01$h1634
=CAT  \\$aW2308-1659$c20230923$lBLL01$h1125
=CAT  \\$aBATCH-CLA$b00$c20230924$lBLL01$h0649
=CFI  0\$aBritish Library not licensed to copy$c0$e01-apr-2014$hC$iCFP Excluded$5Uk
=FIN  \\$aY$d20080619
=FMT  \\$a  BK
=LAS  \\$aBATCH-CLA$b00$c20230924$lBLL01$h0649
=SID  \\$aZ39$bOCLC
=TCO  \\$aTRS$bCCC$c008

