=LDR  03388cam a22005897a 4500
=001  014649118
=003  Uk
=005  20230924064936.0
=007  cr\mn|||||||||
=008  080611s2008\\\\maua\\\\\b\\\\000\0\eng\d
=035  \\$a(OCoLC)231683112
=040  \\$aGZM$cGZM$dUk
=042  \\$aukblderived
=100  1\$aFrankel, Jeffrey A.
=245  10$aEstimation of de facto exchange rate regimes :$bsynthesis of the techniques for inferring flexibility and basket weights /$cJeffrey A. Frankel, Shang-Jin Wei.
=260  \\$aCambridge, Mass. :$bNational Bureau of Economic Research,$c2008.
=300  \\$a79 p. :$bill. ;$c22 cm.
=336  \\$atext$2rdacontent
=337  \\$acomputer$2rdamedia
=338  \\$aonline resource$2rdacarrier
=490  1\$aNBER working paper series ;$vno. 14016
=500  \\$a"May 2008".
=504  \\$aIncludes bibliographical references (p. 23-24).
=520  \\$aThe paper offers a new approach to estimate de facto exchange rate regimes, a synthesis of two techniques. One is a technique that the authors have used in the past to estimate implicit de facto weights when the hypothesis is a basket peg with little flexibility. The second is a technique used by others to estimate the de facto degree of exchange rate flexibility when the hypothesis is an anchor to the dollar or some other single major currency, but with a possibly-substantial degree of flexibility around that anchor. Since many currencies today follow variants of Band-Basket-Crawl, it is important to have available a technique that can cover both dimensions, inferring weights and inferring flexibility. We try out the technique on twenty-some currencies, over the period 1980-2007. Most are currencies that have officially used baskets as anchors for at least part of this sample period. But a few are known floaters or known simple peggers. In general the synthesis technique seems to work as it should.
=530  \\$aAlso available in PDF from the NBER World Wide Web site (www.nber.org).
=540  \\$aBritish Library not licensed to copy$c0$5Uk
=650  \0$aForeign exchange rates$xEconometric models.
=700  1\$aWei, Shang-Jin.
=710  2\$aNational Bureau of Economic Research.
=830  \0$aWorking paper series (National Bureau of Economic Research) ;$vworking paper no. 14016.
=852  41$aBritish Library$bDSC$j6067.719500$ino. 14016
=856  41$uhttp://www.nber.org/papers/W14016
=ACF  \\$aBritish Library not licensed to copy$c0$e01-oct-2013$hC$iCFP Excluded$5Uk
=CAT  \\$a7164$b40$c20080619$lBLL01$h1024
=CAT  \\$aBATCH-CLA$b00$c20130527$lBLL01$h0131
=CAT  \\$aBATCH-CLA$b00$c20130630$lBLL01$h1630
=CAT  \\$aIPL-CLA$c20130701$lBLL01$h0122
=CAT  \\$aBATCH-CLA$b00$c20130702$lBLL01$h0202
=CAT  \\$aBATCH-CLA$b00$c20130929$lBLL01$h1619
=CAT  \\$aIPL-CLA$c20130930$lBLL01$h1759
=CAT  \\$aBATCH-CLA$b00$c20131202$lBLL01$h0332
=CAT  \\$aIPL-CLA$c20140101$lBLL01$h0056
=CAT  \\$aBATCH-CLA$b00$c20140327$lBLL01$h1829
=CAT  \\$aIPL-CLA$c20140331$lBLL01$h1634
=CAT  \\$aW2308-1659$c20230923$lBLL01$h1125
=CAT  \\$aBATCH-CLA$b00$c20230924$lBLL01$h0649
=CFI  0\$aBritish Library not licensed to copy$c0$e01-apr-2014$hC$iCFP Excluded$5Uk
=FIN  \\$aY$d20080619
=FMT  \\$a  BK
=LAS  \\$aBATCH-CLA$b00$c20230924$lBLL01$h0649
=SID  \\$aZ39$bOCLC
=TCO  \\$aTRS$bCCC$c008

