=LDR  03342cam a22006377a 4500
=001  014759241
=003  Uk
=005  20230924064938.0
=008  080904s2008\\\\maua\\\\\b\\\\000\0\eng\d
=035  \\$a(OCoLC)245329194
=040  \\$aRCJ$cRCJ$dRCJ$dUk
=042  \\$aukblderived
=043  \\$an-us---
=050  \4$aKF285$b.R68 2008
=100  10$aRothstein, Jesse.
=245  10$aMismatch in law school /$cJesse Rothstein, Albert Yoon.
=260  \\$aCambridge, Mass. :$bNational Bureau of Economic Research,$cc2008.
=300  \\$a26, [8] p. :$bill. ;$c22 cm.
=336  \\$atext$2rdacontent
=337  \\$aunmediated$2rdamedia
=338  \\$avolume$2rdacarrier
=490  1\$aNBER working paper series ;$vno. 14275
=504  \\$aIncludes bibliographical references (p. 25-26).
=520  \\$aAn important criticism of race-based higher education admission preferences is that they may hurt minority students who attend more selective schools than they would in the absence of such preferences. We categorize the non-experimental research designs available for the study of so-called "mismatch" effects and evaluate the likely biases in each. We select two comparisons and use them to examine mismatch effects in law school. We find no evidence of mismatch effects on any students' employment outcomes or on the graduation or bar passage rates of black students with moderate or strong entering credentials. What evidence there is for mismatch comes from less-qualified black students who typically attend second- or third-tier schools. Many of these students would not have been admitted to any law school without preferences, however, and the resulting sample selection prevents strong conclusions.
=530  \\$aAlso available online.
=540  \\$aBritish Library not licensed to copy$c0$5Uk
=650  \0$aLaw schools$zUnited States$xAdmission.
=650  \0$aAffirmative action programs in education$zUnited States.
=650  \0$aAfrican American law students.
=700  1\$aYoon, Albert.
=710  2\$aNational Bureau of Economic Research.
=830  \0$aWorking paper series (National Bureau of Economic Research) ;$vno. 14275.
=852  41$aBritish Library$bDSC$j6067.719500$ino. 14275
=856  41$uhttp://papers.nber.org/papers/w14276
=ACF  \\$aBritish Library not licensed to copy$c0$e01-oct-2013$hC$iCFP Excluded$5Uk
=CAT  \\$a10775$b40$c20080923$lBLL01$h1118
=CAT  \\$aBATCH-CLA$b00$c20130527$lBLL01$h0131
=CAT  \\$aBATCH-CLA$b00$c20130630$lBLL01$h1630
=CAT  \\$aIPL-CLA$c20130701$lBLL01$h0124
=CAT  \\$aBATCH-CLA$b00$c20130702$lBLL01$h0202
=CAT  \\$aBATCH-CLA$b00$c20130929$lBLL01$h1619
=CAT  \\$aIPL-CLA$c20130930$lBLL01$h1801
=CAT  \\$aBATCH-CLA$b00$c20131202$lBLL01$h0333
=CAT  \\$aIPL-CLA$c20140101$lBLL01$h0100
=CAT  \\$aBATCH-CLA$b00$c20140327$lBLL01$h1829
=CAT  \\$aIPL-CLA$c20140331$lBLL01$h1635
=CAT  \\$aBATCH-UPD$b00$c20211217$lBLL01$h2102
=CAT  \\$aBATCH-CLA$b00$c20211218$lBLL01$h0139
=CAT  \\$aW2308-1659$c20230923$lBLL01$h1130
=CAT  \\$aBATCH-CLA$b00$c20230924$lBLL01$h0649
=CFI  0\$aBritish Library not licensed to copy$c0$e01-apr-2014$hC$iCFP Excluded$5Uk
=FIN  \\$aY$d20080923
=FMT  \\$a  BK
=LAS  \\$aBATCH-CLA$b00$c20230924$lBLL01$h0649
=SID  \\$aZ39$bOCLC
=TCO  \\$aTRS$bCCC$c008

