=LDR  03043cam a22006257a 4500
=001  014855456
=003  Uk
=005  20230924064938.0
=008  081121s2008\\\\maua\\\\\b\\\\000\0\eng\d
=035  \\$a(OCoLC)275865957
=040  \\$aSIMAS$cSIMAS$dUk
=042  \\$aukblderived
=100  10$aGiovannini, Alberto.
=245  10$aWhy the European securities market is not fully integrated /$cAlberto Giovannini.
=260  \\$aCambridge, Mass. :$bNational Bureau of Economic Research,$cc2008.
=300  \\$a34 p. :$bill. ;$c22 cm.
=336  \\$atext$2rdacontent
=337  \\$aunmediated$2rdamedia
=338  \\$avolume$2rdacarrier
=490  1\$aNBER working paper series ;$vno. 14476
=500  \\$a"November 2008."
=504  \\$aIncludes bibliographical references.
=520  \\$a"I describe the challenge of fully integrating securities markets in Europe by integrating the clearing and settlement functionalities. The initial condition is characterized by a multitude of standards, conventions, regulation and laws, which are inconsistent with a barrier-free post-trading environment. In addition, the current providers of post-trading services are mostly for-profit monopolies. The EU reform strategy is discussed in detail, and its performance so far is assessed. I argue that the special features of the post-trading industry may help understand the disappointing progress so far."--Summary.
=540  \\$aBritish Library not licensed to copy$c0$5Uk
=650  \0$aStock exchanges$zEuropean Union countries.
=650  \0$aSecurities industry$zEuropean Union countries.
=650  \0$aClearing of securities$zEuropean Union countries.
=710  2\$aNational Bureau of Economic Research.
=830  \0$aNBER working paper series ;$vno. 14476
=852  41$aBritish Library$bDSC$j6067.719500$ino. 14476
=856  41$uhttp://www.nber.org/papers/w14476
=ACF  \\$aBritish Library not licensed to copy$c0$e01-oct-2013$hC$iCFP Excluded$5Uk
=CAT  \\$a10775$b40$c20081212$lBLL01$h1355
=CAT  \\$aBATCH$b00$c20091217$lBLL01$h0539
=CAT  \\$aBATCH$b00$c20100103$lBLL01$h1330
=CAT  \\$aBATCH-CLA$b00$c20130527$lBLL01$h0131
=CAT  \\$aBATCH-CLA$b00$c20130630$lBLL01$h1630
=CAT  \\$aIPL-CLA$c20130701$lBLL01$h0126
=CAT  \\$aBATCH-CLA$b00$c20130702$lBLL01$h0202
=CAT  \\$aBATCH-CLA$b00$c20130929$lBLL01$h1619
=CAT  \\$aIPL-CLA$c20130930$lBLL01$h1801
=CAT  \\$aBATCH-CLA$b00$c20131202$lBLL01$h0333
=CAT  \\$aIPL-CLA$c20140101$lBLL01$h0103
=CAT  \\$aBATCH-CLA$b00$c20140327$lBLL01$h1829
=CAT  \\$aIPL-CLA$c20140331$lBLL01$h1635
=CAT  \\$aBATCH-UPD$b00$c20211217$lBLL01$h2103
=CAT  \\$aBATCH-CLA$b00$c20211218$lBLL01$h0139
=CAT  \\$aW2308-1659$c20230923$lBLL01$h1133
=CAT  \\$aBATCH-CLA$b00$c20230924$lBLL01$h0649
=CFI  0\$aBritish Library not licensed to copy$c0$e01-apr-2014$hC$iCFP Excluded$5Uk
=FIN  \\$aY$d20081212
=FMT  \\$a  BK
=LAS  \\$aBATCH-CLA$b00$c20230924$lBLL01$h0649
=SID  \\$aZ39$bOCLC
=TCO  \\$aTRS$bCCC$c008

