=LDR  02330cam a22005897a 4500
=001  014890194
=003  Uk
=005  20230924064938.0
=008  090121s2008\\\\maua\\\\\b\\\\000\0\eng\d
=035  \\$a(OCoLC)298994009
=040  \\$aLOL$cLOL
=042  \\$aukblderived
=043  \\$an-us---
=100  1\$aHastings, Justine S.
=245  14$aThe first of the month effect :$bconsumer behavior and store responses /$cJustine S. Hastings, Ebonya L. Washington.
=260  \\$aCambridge, Mass. :$bNational Bureau of Economic Research,$cc2008.
=300  \\$a50 p. :$bill. ;$c22 cm.
=336  \\$atext$2rdacontent
=337  \\$aunmediated$2rdamedia
=338  \\$avolume$2rdacarrier
=490  1\$aNBER working paper series ;$vno. 14578
=500  \\$a"December 2008."
=504  \\$aIncludes bibliographical references.
=540  \\$aBritish Library not licensed to copy$c0$5Uk
=650  \0$aGrocery shopping$zUnited States$xEconometric models.
=650  \0$aFood prices$zUnited States.
=650  \0$aFood stamps$zUnited States$xEconometric models.
=700  1\$aWashington, Ebonya.
=830  \0$aWorking paper series (National Bureau of Economic Research) ;$vworking paper series no. 14578.
=852  41$aBritish Library$bDSC$j6067.719500$ino.14578
=856  40$uhttp://www.nber.org/papers/w14578
=ACF  \\$aBritish Library not licensed to copy$c0$e01-oct-2013$hC$iCFP Excluded$5Uk
=CAT  \\$a9504$b40$c20090128$lBLL01$h1139
=CAT  \\$a9504$b40$c20090128$lBLL01$h1150
=CAT  \\$aBATCH-CLA$b00$c20130527$lBLL01$h0131
=CAT  \\$aBATCH-CLA$b00$c20130630$lBLL01$h1630
=CAT  \\$aIPL-CLA$c20130701$lBLL01$h0126
=CAT  \\$aBATCH-CLA$b00$c20130702$lBLL01$h0202
=CAT  \\$aBATCH-CLA$b00$c20130929$lBLL01$h1619
=CAT  \\$aIPL-CLA$c20130930$lBLL01$h1802
=CAT  \\$aBATCH-CLA$b00$c20131202$lBLL01$h0333
=CAT  \\$aIPL-CLA$c20140101$lBLL01$h0105
=CAT  \\$aBATCH-CLA$b00$c20140327$lBLL01$h1830
=CAT  \\$aIPL-CLA$c20140331$lBLL01$h1635
=CAT  \\$aW2308-1659$c20230923$lBLL01$h1135
=CAT  \\$aBATCH-CLA$b00$c20230924$lBLL01$h0649
=CFI  0\$aBritish Library not licensed to copy$c0$e01-apr-2014$hC$iCFP Excluded$5Uk
=FIN  \\$aY$d20090128
=FMT  \\$a  BK
=LAS  \\$aBATCH-CLA$b00$c20230924$lBLL01$h0649
=SID  \\$aZ39$bOCLC
=TCO  \\$aTRS$bCCC$c008

