=LDR  03742cam a22006377a 4500
=001  014910899
=003  Uk
=005  20230924064939.0
=008  090218s2009\\\\maua\\\\\b\\\\000\0\eng\d
=035  \\$a(OCoLC)309232867
=040  \\$aRF1$cRF1$dUk
=042  \\$aukblderived
=100  1\$aAgarwal, Sumit,$d1970-
=245  10$aPayday loans and credit cards :$bnew liquidity and credit scoring puzzles? /$cSumit Agarwal, Paige M. Skiba, Jeremy Tobacman.
=260  \\$aCambridge, Mass. :$bNational Bureau of Economic Research,$c2009.
=300  \\$a9, [8] p. :$bill. ;$c22 cm.
=336  \\$atext$2rdacontent
=337  \\$aunmediated$2rdamedia
=338  \\$avolume$2rdacarrier
=490  1\$aNBER working paper series ;$vno. 14659
=500  \\$a"January 2009".
=504  \\$aIncludes bibliographical references (p. 8-9).
=520  \\$aUsing a unique dataset matched at the individual level from two administrative sources, we examine household choices between liabilities and assess the informational content of prime and subprime credit scores in the consumer credit market. First, more specifically, we assess consumers' effectiveness at prioritizing use of their lowest-cost credit option. We find that most borrowers from one payday lender who also have a credit card from a major credit card issuer have substantial credit card liquidity on the days they take out their payday loans. This is costly because payday loans have annualized interest rates of at least several hundred percent, though perhaps partly explained by the fact that borrowers have experienced substantial declines in credit card liquidity in the year leading up to the payday loan. Second, we show that FICO scores and Teletrack scores have independent information and are specialized for the types of lending where they are used. Teletrack scores have eight times the predictive power for payday loan default as FICO scores. We also show that prime lenders should value information about their borrowers' subprime activity. Taking out a payday loan predicts nearly a doubling in the probability of serious credit card delinquency over the next year.
=540  \\$aBritish Library not licensed to copy$c0$5Uk
=650  \0$aConsumer credit$xEconometric models.
=650  \0$aCredit scoring systems.
=650  \0$aPayday loans.
=650  \0$aCredit cards.
=700  1\$aSkiba, Paige M.
=700  1\$aTobacman, Jeremy.
=710  2\$aNational Bureau of Economic Research.
=830  \0$aWorking paper series (National Bureau of Economic Research) ;$vno. 14659.
=852  41$aBritish Library$bDSC$j6067.719500$ino. 14659
=856  40$uhttp://www.nber.org/papers/w14659.pdf
=ACF  \\$aBritish Library not licensed to copy$c0$e01-oct-2013$hC$iCFP Excluded$5Uk
=CAT  \\$a7164$b40$c20090219$lBLL01$h0859
=CAT  \\$aBATCH-CLA$b00$c20130527$lBLL01$h0131
=CAT  \\$aBATCH-CLA$b00$c20130630$lBLL01$h1630
=CAT  \\$aIPL-CLA$c20130701$lBLL01$h0127
=CAT  \\$aBATCH-CLA$b00$c20130702$lBLL01$h0202
=CAT  \\$aBATCH-CLA$b00$c20130929$lBLL01$h1619
=CAT  \\$aIPL-CLA$c20130930$lBLL01$h1802
=CAT  \\$aBATCH-CLA$b00$c20131202$lBLL01$h0333
=CAT  \\$aIPL-CLA$c20140101$lBLL01$h0106
=CAT  \\$aBATCH-CLA$b00$c20140327$lBLL01$h1830
=CAT  \\$aIPL-CLA$c20140331$lBLL01$h1635
=CAT  \\$aBATCH-UPD$b00$c20210228$lBLL01$h2041
=CAT  \\$aBATCH-CLA$b00$c20210301$lBLL01$h0104
=CAT  \\$aW2308-1659$c20230923$lBLL01$h1136
=CAT  \\$aBATCH-CLA$b00$c20230924$lBLL01$h0649
=CFI  0\$aBritish Library not licensed to copy$c0$e01-apr-2014$hC$iCFP Excluded$5Uk
=FIN  \\$aY$d20090219
=FMT  \\$a  BK
=LAS  \\$aBATCH-CLA$b00$c20230924$lBLL01$h0649
=SID  \\$aZ39$bOCLC
=TCO  \\$aTRS$bCCC$c008

