=LDR  03260cam a22005777a 4500
=001  014914641
=003  Uk
=005  20230924064939.0
=008  090217s2008\\\\maua\\\\\b\\\\000\0\eng\d
=035  \\$a(OCoLC)308508861
=040  \\$aRF1$cRF1$dUk
=042  \\$aukblderived
=100  1\$aCoibion, Olivier.
=245  10$aMonetary policy, trend inflation and the Great Moderation :$ban alternative interpretation /$cOlivier Coibion, Yuriy Gorodnichenko .
=260  \\$aCambridge, Mass. :$bNational Bureau of Economic Research,$cc2008.
=300  \\$a39 p. :$bill. ;$c22 cm.
=336  \\$atext$2rdacontent
=337  \\$aunmediated$2rdamedia
=338  \\$avolume$2rdacarrier
=490  1\$aNBER working paper series ;$vno. 14621
=500  \\$a"December 2008."
=504  \\$aIncludes bibliographical references (p. 27-29).
=520  \\$aWith positive trend inflation, the Taylor principle is not enough to guarantee a determinate equilibrium. We provide new theoretical results on restoring determinacy in New Keynesian models with positive trend inflation and combine these with new empirical findings on the Federal Reserve's reaction function before and after the Volcker disinflation to find that 1) while the Fed satisfied the Taylor principle in the pre-Volcker era, the US economy was still subject to self-fulfilling fluctuations in the 1970s, 2) while the Fed's response to inflation is not statistically different before and after the Volcker disinflation, the US economy nonetheless moved from indeterminacy to determinacy in this time period, and 3) the change from indeterminacy to determinacy is due to the simultaneous decrease in the response to the output gap, increases in the response to inflation and output growth and the decline in steady-state inflation from the Volcker disinflation.
=540  \\$aBritish Library not licensed to copy$c0$5Uk
=650  \0$aDeflation (Finance)$zUnited States.
=650  \0$aMonetary policy$zUnited States$xHistory$y20th century.
=700  1\$aGorodnichenko, Yuriy.
=710  2\$aNational Bureau of Economic Research.
=830  \0$aWorking paper series (National Bureau of Economic Research) ;$vno. 14621.
=852  41$aBritish Library$bDSC$j6067.719500$ino. 14621
=856  40$uhttp://www.nber.org/papers/w14621.pdf
=ACF  \\$aBritish Library not licensed to copy$c0$e01-oct-2013$hC$iCFP Excluded$5Uk
=CAT  \\$a10775$b40$c20090224$lBLL01$h1358
=CAT  \\$aBATCH-CLA$b00$c20130527$lBLL01$h0131
=CAT  \\$aBATCH-CLA$b00$c20130630$lBLL01$h1630
=CAT  \\$aIPL-CLA$c20130701$lBLL01$h0127
=CAT  \\$aBATCH-CLA$b00$c20130702$lBLL01$h0202
=CAT  \\$aBATCH-CLA$b00$c20130929$lBLL01$h1619
=CAT  \\$aIPL-CLA$c20130930$lBLL01$h1802
=CAT  \\$aBATCH-CLA$b00$c20131202$lBLL01$h0333
=CAT  \\$aIPL-CLA$c20140101$lBLL01$h0106
=CAT  \\$aBATCH-CLA$b00$c20140327$lBLL01$h1830
=CAT  \\$aIPL-CLA$c20140331$lBLL01$h1635
=CAT  \\$aW2308-1659$c20230923$lBLL01$h1136
=CAT  \\$aBATCH-CLA$b00$c20230924$lBLL01$h0649
=CFI  0\$aBritish Library not licensed to copy$c0$e01-apr-2014$hC$iCFP Excluded$5Uk
=FIN  \\$aY$d20090224
=FMT  \\$a  BK
=LAS  \\$aBATCH-CLA$b00$c20230924$lBLL01$h0649
=SID  \\$aZ39$bOCLC
=TCO  \\$aTRS$bCCC$c008

