=LDR  03944cam a22006017a 4500
=001  014931061
=003  Uk
=005  20230924064939.0
=008  090312s2009\\\\maua\\\\\b\\\\000\0\eng\d
=035  \\$a(OCoLC)314442881
=040  \\$aLOL$cLOL
=042  \\$aukblderived
=043  \\$an-us---
=100  1\$aAbaluck, Jason T.
=245  10$aChoice inconsistencies among the elderly :$bevidence from plan choice in the Medicare Part D program /$cJason T. Abaluck, Jonathan Gruber.
=260  \\$aCambridge, Mass. :$bNational Bureau of Economic Research,$cc2009.
=300  \\$a68 p. :$bill. ;$c21 cm.
=336  \\$atext$2rdacontent
=337  \\$aunmediated$2rdamedia
=338  \\$avolume$2rdacarrier
=490  1\$aNBER working paper series ;$vno. 14759
=500  \\$a"February 2009".
=504  \\$aIncludes bibliographical references (p. 43-44).
=520  \\$aThe Medicare Part D Prescription Drug Plan represents the most significant privatization of the delivery of a public insurance benefit in recent history, with dozens of private insurers offering a wide range of products with varying prices and product features; the typical elder had a choice of roughly 40 stand-alone drug plans. In this paper we evaluate the choices of elders across this wide array of Part D options using a unique data set of prescription drug claims matched to information on the characteristics of choice sets. We first document that the vast majority of elders are choosing plans that are not on the "efficient portfolio" of plan choice in the sense that an alternative plan offers better risk protection at a lower cost. We then estimate several discrete choice models to document three dimensions along which elders are making choices which are inconsistent with optimization under full information: elders place much more weight on plan premiums than they do on expected out of pocket costs; they place almost no value on variance reducing aspects of plans; and they value plan financial characteristics beyond any impacts on their own financial expenses or risk.These findings are robust to a variety of specifications and econometric approaches. We develop an "adjusted" revealed preference approach that combines data from consumer choices with ex ante restrictions on preferences, and find that in a partial equilibrium setting, restricting the choice set to the three lowest average cost options would have likely raised welfare for elders under the program.
=540  \\$aBritish Library not licensed to copy$c0$5Uk
=650  \0$aPharmaceutical services insurance$zUnited States$xDecision making.
=650  \0$aMedicare$xDecision making.
=650  \0$aOlder people$zUnited States.
=700  1\$aGruber, Jonathan.
=710  2\$aNational Bureau of Economic Research.
=830  \0$aWorking paper series (National Bureau of Economic Research) ;$vno. 14759.
=852  41$aBritish Library$bDSC$j6067.719500$ino.14759
=856  40$uhttp://www.nber.org/papers/w14759
=ACF  \\$aBritish Library not licensed to copy$c0$e01-oct-2013$hC$iCFP Excluded$5Uk
=CAT  \\$a9504$b40$c20090317$lBLL01$h0855
=CAT  \\$aBATCH-CLA$b00$c20130527$lBLL01$h0131
=CAT  \\$aBATCH-CLA$b00$c20130630$lBLL01$h1630
=CAT  \\$aIPL-CLA$c20130701$lBLL01$h0127
=CAT  \\$aBATCH-CLA$b00$c20130702$lBLL01$h0202
=CAT  \\$aBATCH-CLA$b00$c20130929$lBLL01$h1619
=CAT  \\$aIPL-CLA$c20130930$lBLL01$h1802
=CAT  \\$aBATCH-CLA$b00$c20131202$lBLL01$h0334
=CAT  \\$aIPL-CLA$c20140101$lBLL01$h0107
=CAT  \\$aBATCH-CLA$b00$c20140327$lBLL01$h1830
=CAT  \\$aIPL-CLA$c20140331$lBLL01$h1635
=CAT  \\$aW2308-1659$c20230923$lBLL01$h1136
=CAT  \\$aBATCH-CLA$b00$c20230924$lBLL01$h0649
=CFI  0\$aBritish Library not licensed to copy$c0$e01-apr-2014$hC$iCFP Excluded$5Uk
=FIN  \\$aY$d20090317
=FMT  \\$a  BK
=LAS  \\$aBATCH-CLA$b00$c20230924$lBLL01$h0649
=SID  \\$aZ39$bOCLC
=TCO  \\$aTRS$bCCC$c008

