=LDR  03151cam a22005897a 4500
=001  014931136
=003  Uk
=005  20230924064939.0
=008  090312s2009\\\\maua\\\\\b\\\\000\0\eng\d
=035  \\$a(OCoLC)314432799
=040  \\$aLOL$cLOL
=042  \\$aukblderived
=043  \\$an-us---
=100  1\$aShapiro, Matthew D.$q(Matthew David)
=245  10$aDid the 2008 tax rebates stimulate spending? /$cMatthew D. Shapiro, Joel B. Slemrod.
=260  \\$aCambridge, Mass. :$bNational Bureau of Economic Research,$cc2009.
=300  \\$a12 p. :$bill. ;$c21 cm.
=336  \\$atext$2rdacontent
=337  \\$aunmediated$2rdamedia
=338  \\$avolume$2rdacarrier
=490  1\$aNBER working paper series ;$vno. 14753
=500  \\$a"February 2009".
=504  \\$aIncludes bibliographical references (p. 12).
=520  \\$aOnly one-fifth of respondents to a rider on the University of Michigan Survey Research Center's Monthly Survey said that the 2008 tax rebates would lead them to mostly increase spending. Almost half said the rebate would mostly lead them to pay off debt, while about a third saying it would lead them mostly to save more. The survey responses imply that the aggregate propensity to spend from the rebate was about one-third, and that there would not be substantially more spending as a lagged effect of the rebates. Because of the low spending propensity, the rebates in 2008 provided low "bang for the buck" as economic stimulus. Putting cash into the hands of the consumers who use it to save or pay off debt boosts their well-being, but it does not necessarily make them spend. Low-income individuals were particularly likely to use the rebate to pay off debt.
=530  \\$aAlso available in PDF from NBER world wide web site (www.nber.org.)
=540  \\$aBritish Library not licensed to copy$c0$5Uk
=650  \0$aTax rebates$xEconomic aspects$zUnited States.
=700  1\$aSlemrod, Joel.
=710  2\$aNational Bureau of Economic Research.
=830  \0$aWorking paper series (National Bureau of Economic Research) ;$vno. 14753.
=852  41$aBritish Library$bDSC$j6067.719500$ino.14753
=856  40$uhttp://www.nber.org/papers/w14753
=ACF  \\$aBritish Library not licensed to copy$c0$e01-oct-2013$hC$iCFP Excluded$5Uk
=CAT  \\$a9504$b40$c20090317$lBLL01$h0946
=CAT  \\$aBATCH-CLA$b00$c20130527$lBLL01$h0131
=CAT  \\$aBATCH-CLA$b00$c20130630$lBLL01$h1630
=CAT  \\$aIPL-CLA$c20130701$lBLL01$h0127
=CAT  \\$aBATCH-CLA$b00$c20130702$lBLL01$h0202
=CAT  \\$aBATCH-CLA$b00$c20130929$lBLL01$h1619
=CAT  \\$aIPL-CLA$c20130930$lBLL01$h1802
=CAT  \\$aBATCH-CLA$b00$c20131202$lBLL01$h0334
=CAT  \\$aIPL-CLA$c20140101$lBLL01$h0107
=CAT  \\$aBATCH-CLA$b00$c20140327$lBLL01$h1830
=CAT  \\$aIPL-CLA$c20140331$lBLL01$h1635
=CAT  \\$aW2308-1659$c20230923$lBLL01$h1136
=CAT  \\$aBATCH-CLA$b00$c20230924$lBLL01$h0649
=CFI  0\$aBritish Library not licensed to copy$c0$e01-apr-2014$hC$iCFP Excluded$5Uk
=FIN  \\$aY$d20090317
=FMT  \\$a  BK
=LAS  \\$aBATCH-CLA$b00$c20230924$lBLL01$h0649
=SID  \\$aZ39$bOCLC
=TCO  \\$aTRS$bCCC$c008

